2700 4702
210 297 298 367 1298
414 309 524 362 nora
547 308 752 384 santonum
776 308 817 358 ru
842 307 899 357 or..
921 307 1061 358 corun.
1082 309 1117 358 v.

211 456 310 507 undare
330 452 446 517 penates'
465 458 554 501 noster
574 465 654 515 supra
672 451 745 500 dixe·
783 453 858 500 chum
866 451 1001 515 Trojanum
1011 449 1202 512 Agamemnon.
1217 448 1302 514 Victor,
1349 484 1350 488 ,

211 538 261 596 rat,
271 539 301 580 ut
317 529 430 578 ‘undam
439 528 604 578 salutantum’
612 529 746 592 Virgilius,
783 541 886 578 xxvrrr.
898 533 922 578 3.
935 529 1004 577 Flor.
1016 541 1061 578 ιιι.
1072 531 1115 576 ld.
1133 526 1244 590 nempe.

212 617 240 660 et
257 606 373 657 ‘flumen
391 605 510 654 militurn'
536 606 613 654 Silius
634 605 679 654 lib.
692 617 745 654 ιιι.
817 604 1086 665 Quodjorndeeaspide
1096 616 1190 651 sam
1201 599 1304 666 Natalst]
1348 596 1350 634 l

211 685 327 736 ‘Fertur
343 683 437 732 acerba
455 684 511 731 lues
529 683 645 746 disjectis
665 683 746 731 incita
784 679 860 728 More
877 679 1052 728 vetustissimo
1071 678 1146 726 velut
1163 677 1306 742 triumphau-
1349 674 1350 683 ’

211 761 280 821 telis,
302 757 452 823 Effusaeqoe
472 765 550 807 rurrnt
571 758 677 820 inopino
698 756 746 807 flu·
782 753 848 803 tium
859 753 892 802 de
904 754 1031 815 hostibus,
1049 766 1161 817 quorum
1174 752 1306 814 principun

211 836 281 886 mine
294 833 392 885 turba!
427 834 470 882 lta
489 848 548 882 vere
567 833 625 882 libri
643 833 745 896 scripti.
782 828 1307 893 oapitabastispraafixainurbesreduee·

211 910 306 973 Vulgo,
318 909 411 972 inopino
422 908 524 957 turbine.
540 910 576 957 D.
589 908 680 956 Heius.
783 905 887 954 bantur.
905 906 994 956 Barth.
1277 920 1280 924 ·

244 988 293 1034 428
309 986 366 1033 Jom
376 998 466 1046 securo,
484 985 544 1047 ruit]
566 984 698 1035 Praedone
710 985 748 1033 vi·-
814 987 864 1032 436
880 983 1002 1045 Dextera]
1018 983 1130 1032 Manum
1148 981 1241 1032 Rufini
1257 979 1309 1031 dor·

212 1058 310 1110 delicet
322 1060 426 1122 publico
439 1068 566 1122 peremto.
585 1061 672 1110 Bartls.
783 1065 849 1108 tram
871 1074 931 1123 pop.
948 1060 1111 1124 Byzantinus
1130 1056 1220 1108 fertur
1241 1057 1309 1108 mei·

245 1139 294 1185 431
311 1135 487 1195 Luoerosjuout
498 1137 535 1184 ire
548 1151 590 1198 per
600 1136 679 1198 mus]
696 1137 746 1187 Co·
783 1135 860 1195 disse,
871 1151 902 1184 ac
914 1150 961 1198 per
970 1136 1024 1185 vias
1036 1135 1109 1184 urbis
1120 1134 1312 1196 circumtulisse,

212 1209 285 1262 dices
303 1211 407 1274 quidam
426 1226 523 1260 nocuos:
551 1213 621 1276 quod
639 1213 746 1261 Delrius
783 1217 813 1260 ut
830 1211 942 1260 ostiatim
953 1210 1118 1260 mendicaret
1130 1214 1313 1274 postmortem,

213 1290 352 1352 perperam
374 1287 478 1352 probat,
497 1304 555 1337 cum
574 1290 653 1338 curuis
671 1290 746 1339 muris
783 1288 828 1351 qui
846 1286 921 1336 risos
943 1286 1056 1350 singulos
1077 1292 1194 1349 argento
1217 1297 1317 1335 eorona-¹

213 1364 535 1428 pauloantepraecesserit.
553 1365 650 1413 Lucan.
659 1363 706 1414 lib.
714 1378 746 1414 11.
783 1369 849 1426 erat,
859 1362 929 1427 quod
936 1362 1045 1427 pulchre
1055 1361 1143 1411 Poeta
1152 1360 1311 1410 enunciavit:

213 1437 301 1487 ‘Com
317 1438 416 1486 laceros
433 1445 503 1487 artus
523 1448 676 1503 aequataque
691 1442 747 1489 vul·
783 1439 826 1503 qoi
834 1453 895 1487 vero
902 1438 1083 1487 manumillam
1091 1435 1312 1499 ostentabatur

213 1527 278 1563 nera
288 1513 409 1562 membris
420 1513 555 1562 Vidimus!
571 1516 606 1564 D.
616 1514 705 1564 Hans.
750 1550 753 1555 >
783 1529 902 1564 sermone
914 1515 1009 1578 patrio,
1021 1513 1097 1578 quasi
1108 1511 1313 1577 perjucunda

246 1589 347 1638 lucem
356 1604 398 1652 per
413 1589 492 1651 ortus]
518 1588 571 1639 Alii
591 1591 688 1640 liabent
706 1606 747 1639 ru·
783 1591 907 1641 usitabat:
925 1597 1005 1640 ΔσιἘ
1020 1587 1313 1654 ΜΙΔΗΚΤΩ,ίίι(]ιιοιίο

212 1679 277 1727 euos,
295 1665 322 1713 id
340 1673 387 1727 est,
403 1680 547 1728 exsangues
565 1675 593 1718 et
611 1667 745 1716 inanimes.
784 1671 894 1718 multum
906 1670 1024 1734 pecuniae
1040 1683 1073 1717 ex
1090 1683 1121 1718 re
1136 1667 1243 1717 ludicra
1256 1664 1313 1716 obu-

213 1741 257 1791 Sic
268 1741 368 1791 Statius
379 1743 424 1793 lib.
435 1755 474 1793 rx.
485 1744 612 1794 Thebaid.
629 1744 746 1793 ‘Vacuo-
785 1746 832 1810 git.
865 1747 898 1794 B.
911 1746 1103 1808 Hieronymus:
1122 1744 1130 1772 ‘
1143 1742 1314 1805 Rufiuieaput

214 1832 271 1868 rum
284 1825 355 1880 terga
367 1819 484 1867 leonum?
501 1818 595 1867 Sebott.
785 1822 840 1885 pilo
856 1826 998 1884 gestatum,
1016 1820 1135 1870 abscissa
1151 1831 1246 1868 manns
1261 1815 1315 1867 dex·

225 1942 227 1946 ⁴
245 1896 295 1942 tus
313 1895 441 1956 Pressaque
449 1895 538 1943 colem
547 1891 660 1956 aestimo]
677 1892 749 1943 Alibi
786 1903 835 1956 tra,
846 1896 879 1945 ad
897 1895 1009 1946 dedecus
1020 1893 1177 1945 insatiabilis
1196 1891 1314 1956 avaritie,

215 1968 282 2018 dixit
306 1971 425 2020 ‘truncis
446 1972 600 2036 immergere
626 1969 747 2035 plautas!
785 1971 898 2021 ostiatim
910 1971 1008 2035 sciperu
1018 1969 1198 2021 mendicavit!
1215 1969 1302 2020 Clara.

215 2044 293 2096 Quod
305 2047 382 2095 etiam
390 2047 562 2111 Papinianum
574 2047 748 2112 granditatem
817 2051 865 2096 437
883 2047 1011 2110 Parumque
1022 2047 1098 2096 animi
1111 2045 1229 2110 pmeoloit
1245 2043 1315 2108 mera]

215 2120 325 2170 redolet.
342 2122 431 2171 Bortls.
785 2123 946 2186 Fraudatque,
963 2123 1073 2172 lucens.
1085 2122 1185 2184 lsiogr.
1205 2128 1234 2172 et
1250 2121 1315 2186 quin·

248 2200 296 2246 433
315 2200 415 2246 Certant
433 2198 519 2246 elidere
534 2196 612 2260 sums]
630 2197 750 2258 Flugrunt
786 2212 836 2263 que
849 2197 891 2247 alii
904 2212 938 2246 ex
953 2195 1114 2246 melioribus.
1148 2196 1313 2259 Proetooqu

217 2271 326 2321 Lucana.
337 2273 431 2334 isingr.
444 2274 520 2335 prim.
528 2275 590 2322 Vat.
599 2281 627 2322 et
635 2274 750 2336 quinque
784 2275 885 2324 imitatu
898 2278 1011 2335 retentus,
1027 2272 1103 2322 multi
1123 2279 1230 2322 veteres
1246 2285 1314 2334 recep·

214 2347 275 2396 alii:
293 2348 396 2394 omniuo
414 2348 518 2396 rectius.
543 2348 653 2408 Statius,
664 2347 746 2396 Theb.
786 2355 844 2409 tus,·
861 2348 1046 2413 suscipiendis
1062 2347 1231 2397 muneribusr
1255 2341 1314 2411 quod

215 2435 258 2472 ιιι.
275 2422 356 2484 ‘pars
367 2423 450 2471 visere
461 2421 575 2486 flagrant
591 2422 675 2472 Unius
688 2429 749 2471 acta
786 2423 884 2487 nescio,
903 2437 935 2472 an
952 2423 1016 2472 satis
1034 2421 1069 2471 sit
1088 2421 1225 2472 Latinum.
1258 2423 1314 2471 lior

214 2496 281 2547 riri?
314 2497 372 2546 Lib.
384 2510 412 2546 x.
430 2495 561 2560 ‘flagrant
579 2498 698 2547 comitari
718 2503 746 2547 et
786 2500 898 2548 adductos
908 2489 1315 2562 digitiriaflartererseruosprimot

210 2571 322 2635 jungere
345 2571 438 2622 casus!
479 2573 522 2621 Sic
536 2572 642 2634 seruent,
662 2576 749 2634 colent,
785 2575 930 2625 Vaticanus
950 2581 979 2623 et
1005 2573 1166 2636 Oiselianus,
1192 2589 1245 2624 non
1264 2589 1315 2626 cun

215 2650 311 2707 ardent,
328 2655 440 2710 oesluont,
459 2656 549 2698 noster
566 2650 692 2699 subinde:
716 2649 749 2699 de
786 2651 900 2715 vulgatis
920 2650 1030 2701 odduotr't
1050 2649 1141 2712 digitos
1161 2649 1250 2700 nerum
1284 2652 1315 2701 D.

216 2723 309 2788 quibus
320 2725 387 2772 libro
401 2739 420 2774 ι.
438 2740 476 2773 vs.
488 2728 545 2773 311.
563 2726 597 2774 D.
608 2725 695 2775 Heius.
775 2716 879 2776 Helos.

247 2802 296 2848 434
315 2799 454 2860 Prudigiole
470 2805 549 2863 caput,
565 2801 617 2864 usu]
635 2801 750 2862 Immune
818 2808 867 2854 438
882 2804 997 2866 Visusque
1003 2804 1121 2866 ruentes]
1137 2802 1259 2854 Hominis
1266 2817 1316 2853 ars·

123 2903 128 2917 =
215 2873 273 2939 boc,
288 2877 333 2924 sed
346 2886 431 2926 tamen
445 2877 573 2942 frequens,
590 2879 660 2942 quod
678 2893 751 2927 exer·
788 2880 901 2944 riatque
912 2879 1013 2942 rapacis
1029 2893 1119 2928 manus
1136 2885 1316 2944 comparantur

215 2955 270 3004 cuit
283 2955 421 3003 Dolabella
432 2956 457 3002 in
468 2957 496 3004 C.
505 2956 667 3006 Trebonium.
676 2956 747 3005 Tull.
788 2955 914 3016 unguibus
925 2952 1024 3015 ferinis,
1044 2954 1104 3017 quia
1120 2952 1188 3004 ferae
1205 2955 1315 3005 volucres

215 3030 332 3092 Philipp.
346 3043 384 3079 ιι.
419 3030 551 3092 Augustus
571 3040 652 3095 caput
675 3031 751 3081 Bruti
788 3044 833 3079 eos
843 3029 966 3093 injiciunt
976 3028 1118 3078 retinendis
1130 3028 1270 3093 unguibus.

217 3103 325 3154 Romam
338 3105 414 3164 misit,
426 3111 455 3152 ut
467 3111 559 3153 statuae
569 3106 679 3155 Caesaris
692 3107 751 3156 sub·
819 3111 869 3156 440
886 3106 987 3156 Desinat
996 3106 1064 3154 elutis
1073 3107 1198 3168 quitquam
1208 3106 1316 3172 confidere

216 3179 375 3228 mitteretur.
401 3179 472 3228 Suet.
492 3179 560 3229 inco
579 3197 637 3245 cap.
651 3188 690 3231 13.
709 3198 750 3232 ca·
787 3182 867 3245 relos]
885 3183 990 3234 Jamad
1007 3181 1234 3232 confirmationem
1249 3197 1317 3247 argn-

215 3261 266 3320 put
278 3255 371 3304 Galbae
382 3255 448 3318 Aug.
457 3255 515 3303 lixis
524 3258 708 3323 calonibusque
718 3260 751 3308 ab
789 3259 870 3308 menti
881 3258 1010 3321 principio
1021 3257 1098 3320 primi
1115 3257 1180 3306 libri
1196 3257 1318 3323 propositi

217 3329 322 3379 Othone
334 3332 466 3392 donatum,
479 3332 561 3380 bastae
572 3331 685 3395 affixum,
700 3342 751 3382 non
789 3335 836 3382 sub
848 3335 969 3397 exemplo
980 3332 1075 3382 Rufini.
1109 3333 1171 3383 Huc
1188 3334 1227 3383 ait
1247 3332 1318 3398 respi·

217 3407 272 3454 sine
283 3407 393 3455 ludibrio
403 3408 502 3456 circum
514 3415 598 3456 castra
610 3415 752 3470 portatum.
789 3410 898 3470 cientes,
917 3409 961 3472 qui
981 3407 1054 3457 malis
1074 3406 1176 3456 artibus
1194 3409 1229 3458 ad
1247 3408 1317 3472 insig-

216 3481 292 3532 Suet.
313 3485 338 3530 iu
358 3483 453 3544 Galba,
473 3499 530 3547 cap.
542 3488 582 3532 20.
601 3486 687 3547 Silius,
705 3486 751 3534 lib.
788 3485 1119 3550 uemaliquampoteutiam
1127 3485 1318 3546 provectiorum,

218 3570 289 3608 xvrr.
306 3560 314 3587 ‘
327 3558 420 3608 Servili
437 3557 489 3607 fers
508 3575 554 3608 ora
573 3560 646 3608 ducis
659 3560 751 3610 suffixa
789 3560 908 3608 desinant
920 3562 973 3608 alta
983 3559 1087 3608 cervice
1100 3560 1214 3622 ingredi,
1225 3567 1255 3610 et
1264 3561 1317 3610 For·

216 3634 327 3684 veruto?
354 3637 447 3683 Lucan.
459 3635 503 3683 lib.
514 3648 545 3683 ιι.
559 3635 591 3684 de
601 3636 680 3698 Syllae
693 3650 751 3684 cru·
789 3645 860 3686 tunce
878 3635 991 3685 faventis
1010 3634 1189 3685 lubricitatem
1208 3635 1317 3686 conside·

216 3709 344 3760 delitate:
372 3711 467 3759 ‘Colla
487 3710 580 3759 dirorum
600 3710 652 3772 pilo
672 3712 751 3774 trepl·
787 3719 856 3762 rent.

217 3786 277 3835 dam
288 3785 564 3850 gestataperurbem!
583 3787 751 3848 LegeSenec.
819 3791 867 3838 441
886 3786 1052 3848 Instabilesqua
1071 3784 1149 3846 Deos]
1184 3785 1317 3843 Faunus,

216 3862 261 3916 lib.
273 3877 316 3912 ιιι.
335 3865 551 3913 Controv.17.et
569 3863 751 3925 antiquitatem
787 3879 863 3928 quam
881 3864 995 3912 Deorum
1015 3861 1130 3908 omnium
1149 3862 1256 3911 nornine
1276 3861 1318 3911 eir·

215 3937 293 4002 hujus
310 3941 374 3988 ritus
386 3939 457 3987 disce
469 3954 502 3987 ex
514 3939 538 3987 Μ
544 3953 623 3988 arone
637 3939 695 3988 AEn.
708 3952 750 3991 rx.
788 3942 985 4004 cumloquuntur
997 3939 1148 4000 scriptores,
1169 3939 1274 4002 qnotiet
1289 3937 1317 3988 dt

218 4014 252 4064 de
263 4017 369 4080 Eurymi
382 4024 409 4065 et
421 4015 476 4064 Nisi
486 4025 585 4066 morte:
604 4020 611 4045 ‘
623 4017 692 4068 Quin
700 4017 751 4081 ipsi
787 4016 958 4066 instabilitate
968 4028 1053 4063 rerum
1064 4027 1149 4060 sermo
1162 4015 1284 4064 vertitur.

217 4094 336 4156 arrectis,
345 4093 399 4143 'visu
409 4095 567 4158 mirabile,io
574 4095 653 4144 hastis
663 4094 752 4144 Praefi·
820 4093 882 4142 lust.
893 4093 966 4155 Deos,
983 4105 1011 4138 uo
1028 4089 1118 4137 rotun
1135 4088 1249 4152 namma]
1264 4087 1317 4139 Nu

217 4167 404 4237 murmura*
429 4171 571 4225 Sicsariit
584 4172 752 4239 inHippolo-
786 4168 843 4220 sina
869 4165 1043 4219 reconditiora
1067 4163 1193 4216 doctrina
1218 4158 1318 4217 numiut
