2700 4702
109 284 197 351 1010
429 297 489 345 cu.
512 291 727 343 onauuraur
753 288 898 338 xxxva.

110 445 269 510 Protinus
284 439 568 506 effusolaetamse
583 437 704 517 tingere
716 435 796 511 risu,
1100 460 1104 467 ·
1149 429 1222 500 2}ss

112 545 188 610 Nec
205 547 309 609 semel
324 541 491 626 amplecti,
506 557 689 622 nomenque
705 538 822 603 iterare
836 534 973 611 sororia,

111 645 158 711 ut-
169 646 252 711 dura
265 648 307 710 de
321 651 424 708 matre
436 643 544 725 queri,
558 659 634 724 quae
651 639 716 703 tale
730 656 866 703 recessu

112 746 273 812 Maluerit
286 747 442 811 damnare
456 744 571 821 decus,
585 742 757 824 vetitoque
773 740 923 805 Dearuru

112 848 300 934 Colloquio,
314 848 431 932 patriis
446 845 565 929 procul
579 841 810 907 amandaverit
824 842 934 906 asnis.

113 949 241 1014 Nostra
255 949 359 1025 rudis,
375 947 520 1029 gaudere
534 943 645 1021 malis,
659 949 692 1007 et
705 947 840 1007 nectare
856 944 948 1024 largo
1152 940 1222 1010 212.

112 1050 299 1115 Instaurare
314 1049 432 1131 dapes.
476 1045 577 1110 Nuuo
593 1063 686 1107 anna
698 1043 915 1127 habitumque
929 1043 1051 1108 Dianae

113 1151 279 1229 Induitur,
296 1150 474 1232 digitisque
488 1150 629 1212 attentat
642 1145 799 1209 mollibus
815 1164 939 1210 arcum.

113 1310 162 1358 tare
173 1321 198 1357 ae
208 1307 315 1368 hilarem,
325 1319 365 1354 ore
375 1292 497 1366 serenoset
514 1305 614 1352 aalma
627 1303 800 1366 Praemium,
810 1318 857 1352 aaa
872 1303 951 1359 armet,
969 1307 992 1351 ot
1010 1307 1115 1365 repetere
1122 1317 1224 1357 aenea

112 1371 209 1433 mortu,
228 1375 252 1420 et
273 1371 382 1432 conqueri
401 1372 431 1419 de
451 1374 527 1418 matre
544 1367 645 1496 w,
664 1382 715 1430 que
735 1367 845 1417 aruerit
862 1369 977 1417 arandara
995 1367 1066 1423 talen
1083 1358 1224 1429 paklrituss,

111 1436 226 1487 dimin
235 1435 342 1496 taratra,
360 1438 384 1483 et
400 1432 519 1509 prohibito
535 1448 549 1480 a
616 1433 635 1480 'o
645 1432 782 1492 cauatam,
790 1431 934 1492 allegaverit
941 1432 1008 1492 tange
1019 1433 1102 1480 aooeto
1110 1436 1224 1494 pam,

114 1501 208 1549 Nostra
220 1498 381 1562 Proserpina
390 1500 490 1560 ampla
507 1497 588 1560 erepit
607 1495 826 1554 latariivsortaaio
842 1511 898 1555 auo,
913 1500 982 1562 atque
1000 1509 1118 1557 opparm
1137 1497 1223 1559 φώς

113 1578 172 1613 eura
184 1563 256 1612 mutto
266 1566 368 1612 nectare.
385 1562 432 1610 Illa
442 1562 514 1610 amit
524 1563 591 1610 nudo
601 1560 715 1622 sagittae,
725 1565 748 1608 et
759 1565 846 1609 reatem
862 1559 959 1621 Diana,
969 1565 993 1607 et
1004 1559 1123 1608 contendit
1135 1565 1217 1608 orcam

575 1704 753 1725 eunoun&

112 1816 174 1866 Vat.
185 1831 224 1880 pr.
235 1817 297 1866 Vat.
312 1817 395 1866 Livia.
414 1819 513 1881 mmpdt
532 1821 596 1869 Erro.
614 1820 708 1869 Petav.
726 1824 811 1881 quart.
828 1819 898 1866 duxit
909 1817 971 1865 Vat.
991 1822 1074 1879 quart.
1086 1815 1146 1864 Pal.
1167 1813 1219 1864 duo

113 1880 186 1929 Med.
201 1882 292 1930 Heius.
312 1881 348 1929 H.
360 1883 439 1931 Voss.
457 1887 579 1945 qiu-210
595 1899 620 1933 re
639 1885 718 1932 latam
731 1884 829 1931 Bonon.
849 1884 901 1930 aira
918 1896 965 1944 pro
982 1882 1032 1929 riou
1050 1881 1112 1928 Erre.
1125 1879 1218 1929 Peter.

113 1949 279 2010 quart—211
299 1947 353 1994 Non
364 1947 434 1994 temet
444 1948 518 1995 Voaa.
531 1951 651 2010 tra—213
669 1948 790 1997 Maluerat
802 1948 866 1994 Exc.
878 1946 970 1994 Petav.
982 1950 1063 2008 quart.
1074 1944 1225 2006 vetitamque

114 2023 201 2058 omnes
211 2010 284 2058 Vatt.
296 2010 350 2058 Pal.
359 2010 478 2072 vetitoque
490 2012 554 2060 Ere.
566 2012 660 2060 Petav.
672 2019 757 2074 quart.
767 2011 862 2072 Iaiugr.
874 2010 1014 2072 vetitamque
1025 2008 1065 2056 vel
1081 2014 1219 2072 raptataque

113 2073 178 2136 Reg.
199 2074 338 2137 vetitamque
356 2075 407 2134 vet,
419 2079 546 2138 rotamque
563 2075 650 2124 Oxou.
670 2089 721 2124 aer.
740 2077 834 2123 aarum
844 2075 905 2122 Vat.
917 2087 969 2122 aer.
981 2081 1008 2121 et
1024 2072 1050 2120 d.
1066 2074 1165 2120 dearum
1178 2073 1219 2120 vel

112 2139 208 2186 deorum
218 2139 294 2186 Voss.
315 2141 448 2188 aea-214
470 2140 566 2202 Eloquia
581 2140 655 2188 Vosa.
675 2154 713 2201 pr.
732 2139 811 2202 patria
832 2140 923 2186 Petav.
944 2151 997 2185 aee.
1022 2136 1113 2199 patriis
1136 2137 1220 2198 procat

112 2203 273 2250 amandaverit
284 2203 345 2250 Vat.
357 2208 419 2250 tert.
431 2209 459 2252 et
471 2204 552 2266 quint.
563 2204 649 2265 patriis
661 2207 743 2266 procat
753 2203 911 2252 absentaverit
922 2203 982 2250 Vat.
994 2215 1032 2264 pr.
1044 2207 1072 2248 et
1084 2207 1168 2263 quart.
1177 2199 1220 2250 ed.

111 2264 198 2313 Vicet.
205 2265 335 2328 nutritaque
342 2268 423 2327 procat
430 2270 582 2316 mandauerat
590 2267 694 2317 Tholoa.
705 2268 721 2318 J
725 2283 767 2316 un.
782 2282 832 2315 seo.
838 2266 969 2329 patriiaqte
979 2266 1060 2328 procat
1071 2264 1225 2313 mandauerit.

113 2327 192 2378 Gran.
213 2336 239 2378 el
258 2328 299 2376 ed.
312 2330 419 2391 Bipont.
437 2330 569 2392 patrioque
587 2332 668 2394 morat
689 2331 834 2380 mandaverit
846 2331 894 2378 orla
903 2328 963 2378 Atd.
973 2332 1034 2377 Var.
1047 2329 1099 2377 LL.
1111 2342 1126 2377 e
1139 2342 1220 2390 marg.

113 2390 202 2440 Parru.
220 2391 350 2455 potuique
361 2393 423 2441 Vat.
435 2395 519 2456 quint.
530 2409 563 2443 m.
583 2409 635 2444 aec.
647 2395 761 2444 Floreat.
779 2395 830 2443 inc.
843 2395 934 2443 Helua.
947 2393 1100 2442 (111οΡ81211.
1122 2394 1219 2441 manda·

113 2457 175 2504 uerit
197 2455 288 2504 Helua.
311 2457 348 2506 Η.
360 2456 412 2504 duo
433 2457 527 2506 Petav.
545 2460 708 2507 amandaverit
731 2460 791 2508 Vat.
811 2459 895 2508 Lirin.
916 2457 977 2507 Jun.
998 2472 1038 2519 pr.
1057 2457 1144 2505 Oxou.
1165 2469 1219 2506 aec.

111 2520 348 2569 mandaveratVosa.
368 2535 407 2582 pr.
426 2521 588 2569 absentaverat
601 2520 691 2571 Ambr.
710 2529 772 2572 tert.
792 2524 905 2573 chartac.
925 2522 1017 2570 Heina.
1035 2521 1219 2570 abmandooerat

113 2582 186 2635 Mea.
199 2598 238 2645 pr.
259 2585 424 2632 amandaverat
437 2586 494 2634 Pal.
512 2585 626 2634 Floreat.
637 2586 711 2634 Med.
723 2593 807 2650 quart.
823 2588 887 2648 Reg.
907 2586 957 2634 duo
972 2587 1062 2633 Petav.
1080 2585 1167 2634 Oxou.
1179 2598 1219 2646 pr.

111 2647 180 2697 Eue.
202 2648 296 2696 Petav.
317 2655 403 2711 quart.
426 2655 450 2698 et
470 2651 617 2698 raaadaoerit
636 2651 676 2698 vel
698 2652 856 2701 nrondaverat.
868 2652 942 2699 Voar.
965 2664 1016 2698 sec.
1037 2649 1124 2708 patrita
1138 2649 1220 2710 procul

105 2709 173 2760 dna
199 2715 352 2760 maritaverat
376 2714 419 2761 vel
445 2713 623 2763 abmaadaoertt
650 2715 712 2764 Vat.
740 2715 766 2764 d.
790 2716 863 2763 artrir
890 2714 931 2762 vel
958 2715 1006 2762 orta
1029 2714 1103 2761 Voss.
1132 2726 1220 2760 seo.-

114 2778 163 2825 215
182 2778 271 2825 Nostra
291 2778 332 2825 vel
352 2777 400 2825 Illa
420 2779 484 2841 Reg.
506 2778 558 2827 duo
578 2778 664 2828 Oxou.
684 2781 752 2839 longo
771 2780 822 2827 duo
836 2779 909 2828 Vatt.
928 2777 985 2825 Pal.
1006 2779 1056 2825 duo
1068 2776 1140 2824 Med.
1154 2777 1219 2841 Reg.

112 2839 206 2890 Petav.
219 2849 278 2890 tert.
295 2841 397 2890 Tholas.
410 2842 497 2890 Oxou.
517 2846 637 2904 rau-21⁷
654 2843 741 2904 digitio
751 2845 809 2891 Var.
831 2857 869 2906 pr.
882 2843 943 2893 lun.
962 2855 1015 2889 aer.
1036 2843 1076 2890 ed.
1087 2841 1174 2889 Vicet.
1191 2847 1221 2889 et

112 2902 200 2954 Parar.
225 2905 330 2953 attentat
351 2905 402 2954 duo
422 2907 515 2954 Petav.
534 2907 636 2954 Ttrolos.
653 2905 743 2955 Ambr.
765 2914 826 2956 tert.
846 2906 942 2969 aptabat
963 2905 1020 2953 Pal.
1042 2906 1113 2952 Med.
1130 2911 1227 2967 quart„

113 2967 204 3016 Heina.
216 2969 252 3016 H.
264 2974 360 3030 aptarat
371 2969 443 3017 Med.
456 2983 496 3030 pr.
507 2971 600 3031 aptarit
610 2972 672 3019 Vat.
684 2985 736 3019 aec.
748 2970 809 3022 Jun.
827 2984 878 3019 aec.
893 2974 1006 3029 attentat,
1018 2969 1058 3016 vel
1072 2969 1164 3031 aptarit
1176 2968 1228 3016 vel-

113 3034 215 3080 atteadit
226 3032 299 3080 Voss.
311 3045 364 3081 aec.
381 3036 481 3096 aptatur
500 3032 658 3096 conjiciebat
677 3035 769 3083 Heius.
790 3034 892 3084 molliter
909 3035 973 3083 uxo.
992 3034 1084 3081 Petav.
1097 3039 1218 3095 quart.-

617 3162 723 3212 NOTAE

144 3261 193 3307 21³
210 3258 344 3322 murare]
363 3258 448 3321 Hane,
458 3265 486 3308 ut
502 3258 540 3309 ita
551 3257 645 3321 dicam,
717 3258 812 3307 Pataita
820 3259 901 3321 procrd
911 3256 994 3320 nutrio]
1013 3257 1132 3306 Procula
1144 3257 1220 3321 coelo,

112 3333 151 3383 lta
169 3333 339 3384 condemnare
366 3335 596 3398 pulchritudinem,
616 3341 646 3384 ut
685 3334 729 3383 ubi
741 3342 781 3383 est
791 3333 905 3397 Jupiter,
917 3343 993 3396 pater
1004 3333 1179 3395 Proserpina.

112 3414 242 3472 perpetuo
253 3409 436 3460 occulteturin
454 3411 563 3460 latebris
575 3411 644 3460 Sicu·
717 3413 764 3458 215
783 3409 872 3472 Rodia]
894 3410 969 3458 More
986 3409 1143 3473 puellarum,
1160 3426 1223 3474 quar¹

9 3497 11 3501 ’
112 3482 153 3532 tir.
685 3485 734 3541 eibi
744 3484 831 3534 fucum
843 3485 898 3533 fieri
910 3500 961 3533 nou
973 3485 1098 3534 sentiunt.

139 3560 236 3623 θεον]
253 3561 465 3612 Pulchrltudinis.
719 3560 829 3609 Gaudere
840 3559 920 3623 matio]
938 3560 1062 3609 Gaudere
1072 3561 1157 3609 verbis
1167 3563 1218 3610 Ve-

145 3638 193 3686 214
209 3635 391 3699 denudaverit]
414 3637 467 3687 Alii
486 3638 642 3697 maduerat,
684 3636 988 3701 ueris,quae,erautmala
999 3643 1026 3685 et
1037 3637 1192 3699 perniciora.

112 3722 143 3764 ut
161 3713 230 3776 apud
243 3714 396 3763 Ciceronem
413 3730 460 3778 pro
481 3714 642 3778 Sylla‘Di-
720 3711 832 3774 Nectare]
856 3712 951 3760 Divina
976 3713 1098 3775 potione:
1127 3721 1219 3763 nectar

112 3788 218 3837 mittere
236 3789 282 3836 aba
302 3803 330 3837 se
351 3797 379 3838 at
399 3789 525 3848 mandare
540 3791 566 3837 in
583 3789 642 3838 ulti·
685 3796 772 3838 auteur
785 3789 882 3838 dictum
893 3792 990 3849 volunt,
1001 3787 1047 3837 ἀπὸ
1063 3791 1106 3837 τοῦ
1116 3788 1145 3848 νὴ
1156 3787 1219 3838 ml·

112 3876 167 3913 maa
186 3863 287 3926 terras,'
306 3865 332 3913 id
344 3875 394 3925 est,
406 3865 554 3923 amandare,
573 3865 642 3913 able·
684 3882 740 3926 νειν,
752 3879 797 3912 uon
810 3865 928 3922 occider&
944 3872 985 3914 est
1002 3867 1069 3914 eninr
1081 3875 1157 3929 potua
1172 3866 1218 3915 inr-

113 3951 183 4002 gare.
205 3940 329 3990 Nonnulli
338 3941 437 4004 legunt,
446 3942 529 4002 procat
538 3940 644 3989 derata-
683 3941 839 4002 mortalium,
850 3942 895 4004 qui
904 3941 989 3991 occidi
998 3956 1049 3990 nou
1062 3949 1179 4005 possunt.

112 4009 174 4132 rqrr't
190 4014 270 4135 qam,
290 4016 315 4064 id
336 4022 386 4080 ert,
402 4014 544 4079 ablegarit:
562 4016 650 4065 minua.
714 4018 762 4065 217
779 4013 1015 4083 Αιιωιιαε]1ὀηῐαῑ
1026 4015 1145 4069 flectere.

113 4097 131 4150 p
142 4099 189 4134 aoe
