2700 4702
157 319 225 386 990
472 334 528 384 ou.
551 333 765 383 ceruorum
788 334 933 385 mur.

159 479 421 557 Commemorat,
432 497 636 562 parcumque
648 477 769 542 Jovem
784 499 819 542 se
833 480 937 544 divite
952 482 1085 548 clamat.

159 580 227 647 Gur
242 599 383 663 campos
396 581 524 644 horrere
539 581 615 658 situ,
630 580 807 662 dumisque
821 581 946 663 repleri

160 682 257 748 Rura
271 684 382 761 velim,
398 688 430 746 et
444 683 546 746 nullis
562 688 726 748 exornem
736 683 903 748 fructibus
918 687 1064 750 annuml

160 787 205 853 se
214 788 297 871 jam,
314 805 390 868 quae
405 786 544 866 genitrix
557 786 754 851 mortalibus
770 793 847 849 aute
863 786 993 867 fuisset,

159 889 202 955 In
216 889 297 952 dirae
313 888 423 951 subito
442 906 552 951 mores
568 888 732 952 transisse
747 908 914 954 novercae.

160 989 252 1070 Quid
266 993 407 1051 mentem
423 988 567 1051 traxisse
582 990 678 1070 polo,
694 989 775 1071 quid
790 989 914 1071 proluit
926 991 1030 1057 altum

160 1090 317 1155 Erexisse
333 1093 448 1172 caput,
462 1089 633 1171 pecudum
647 1089 678 1153 ei
692 1110 781 1154 more
795 1096 965 1173 pererrant

160 1189 260 1269 Avia,
282 1192 312 1256 si
325 1190 488 1273 frangunt,
505 1193 693 1256 communia
704 1193 842 1275 pabula,
857 1192 1023 1275 glandesl

158 1375 308 1438 conqueritur
328 1388 368 1421 me
387 1375 471 1422 «lovem
494 1388 551 1424 esse
572 1389 670 1423 cruorum
690 1389 715 1424 ee
735 1376 857 1439 locuplete.
890 1375 965 1424 Petit
987 1390 1059 1438 quere
1074 1374 1171 1437 judeum
1190 1391 1265 1438 ugron

159 1440 266 1504 squalere
283 1437 373 1497 illuvie,
400 1443 423 1486 et
441 1453 499 1487 urru
519 1439 629 1501 compleri
646 1440 729 1503 spiuie,
744 1446 768 1488 et
790 1454 868 1504 quare
888 1441 961 1489 uultis
981 1443 1086 1489 decorem
1100 1440 1201 1500 soetilue
1220 1456 1265 1490 uu·

159 1517 223 1554 m.
239 1502 313 1551 Dicit
323 1516 349 1550 ee
358 1500 420 1563 jum,
435 1517 487 1564 qua
503 1504 570 1566 priua
581 1503 667 1564 suerat
686 1509 762 1552 urum
778 1503 918 1564 mutter,
937 1505 1089 1566 degenerasse
1100 1505 1148 1553 cito
1164 1505 1191 1554 iu
1210 1504 1265 1552 uui·

160 1580 223 1616 m
240 1581 346 1615 roomo
368 1567 475 1616 crudelis.
506 1568 570 1623 Quid
589 1567 655 1627 iuuit
675 1568 791 1618 homiues
810 1570 905 1618 duxisse
926 1570 1030 1618 uuiurum
1052 1584 1084 1618 ex
1104 1567 1188 1618 Coelu?
1204 1568 1266 1632 quid

156 1632 227 1696 juvit
248 1631 369 1680 eurtulicse
387 1646 414 1680 oe
430 1632 536 1694 uuluae,
559 1632 675 1681 riiuetur
697 1633 823 1682 tertiarum
843 1638 974 1696 peragrent
992 1635 1093 1698 duecte,
1109 1635 1131 1684 ri
1149 1638 1267 1696 rumpunt

622 1773 666 1794 on
670 1773 801 1795 ΙΝΟΙΟΟΟΟ

160 1876 289 1922 tert—86
303 1889 447 1937 paruumque
465 1876 548 1923 Juuem
566 1875 663 1924 Moret.
683 1889 725 1937 pr.
741 1876 838 1923 domm
858 1875 920 1924 Ver.
937 1875 990 1923 LL.
1009 1887 1023 1920 e
1045 1889 1125 1936 marg.
1143 1874 1266 1922 Perm-

159 1939 192 1986 37
211 1937 259 1993 Qui
270 1952 362 2001 campos
372 1940 484 1987 Floreat.
495 1940 594 1988 Bonou.
607 1939 754 2001 Moretur.
774 1939 835 1989 lun.
848 1947 875 1987 et
887 1940 974 1987 Oxou.
988 1952 1026 2000 pr.
1046 1938 1115 1992 Quod
1131 1940 1193 1986 Vat.
1212 1953 1265 1988 sec.

160 2005 188 2049 et
218 2002 281 2050 nint.
294 2002 361 2057 Quid
373 2003 448 2050 Voss.
462 2018 502 2066 pr.
514 2004 579 2052 Exc.
592 2003 685 2051 Petuv.
705 2009 789 2066 quart.
807 2004 857 2050 Cur
868 2004 908 2050 vel
922 2001 971 2056 Qui
987 2002 1061 2049 Voss.
1077 2017 1128 2050 sec.
1151 2002 1203 2057 Quo
1223 2004 1266 2050 vel

203 2126 207 2132 ⁵
238 2066 387 2130 conjecerat
397 2065 556 2117 Helue—88
571 2067 639 2116 Aruu
654 2080 703 2129 pro
721 2066 789 2114 Rure
802 2067 863 2118 Jun.
881 2081 922 2128 pr.
935 2066 995 2114 Vat.
1012 2072 1075 2114 tert.
1097 2067 1176 2125 uelim,
1195 2065 1268 2115 rutis

160 2134 215 2179 tm
225 2131 300 2180 Vau.
313 2137 341 2181 et
352 2133 377 2181 d.
389 2131 447 2180 Pal.
458 2133 522 2180 Put.
533 2132 599 2195 Reg.
617 2133 718 2180 Borion.
733 2131 835 2180 ⁸Pholoe.
848 2131 963 2180 chartac.
972 2130 1063 2179 lleins.
1076 2131 1137 2182 Juu.
1149 2144 1200 2178 rec.
1212 2131 1266 2180 duo

159 2192 253 2243 Peter.
271 2195 322 2244 (luo
341 2196 426 2244 Orion.
443 2197 508 2244 Exc.
525 2196 618 2244 Petav.
637 2201 722 2259 quart.
741 2195 801 2244 edd.
820 2195 880 2244 Ald.
892 2195 981 2244 Porro.
992 2195 1167 2244 Vicetlunt.
1179 2195 1267 2243 Coliu.

160 2257 283 2311 Paulas.
302 2261 489 2323 rrullirquevat.
501 2262 583 2324 quint.
600 2260 695 2308 Peter.
715 2274 754 2322 pr.
773 2260 864 2309 Ambe.
884 2266 944 2310 tert.
962 2261 1058 2309 Moret.
1078 2274 1118 2321 pr.
1140 2258 1201 2308 luo.
1224 2273 1267 2322 pr.

159 2320 384 2373 equitatuum.
405 2325 470 2372 Exc.
492 2323 965 2387 Luri.exmuu1²ur.fluuuuepro
978 2322 1101 2384 fructibus
1122 2322 1180 2371 Pal.
1199 2324 1266 2374 Ere.

160 2385 251 2437 ueuv.
268 2390 418 2451 quart-89
435 2388 467 2437 Se
478 2388 532 2447 ium
546 2389 611 2437 Exc.
624 2388 699 2438 Laeti.
716 2387 811 2437 &nuru
829 2389 870 2438 ed.
888 2389 972 2438 Vioet.
992 2389 1082 2437 uictrix
1099 2387 1192 2436 Petav.
1212 2403 1268 2438 sec.

158 2451 268 2512 genitrix
278 2453 340 2502 Vet.
353 2451 436 2501 Lirin.
446 2453 536 2501 cultrix
548 2452 639 2501 Anbr.
651 2459 711 2502 tert.
722 2454 806 2501 eutr-ic
816 2453 877 2503 Vat.
894 2455 976 2517 quint.
994 2453 1056 2501 Put.
1073 2453 1175 2500 Titulos.
1186 2453 1264 2502 Vore.

180 2528 202 2563 r.
214 2514 275 2565 Ald.
286 2517 327 2565 ed.
337 2517 425 2566 vicet.
442 2518 534 2565 rectu-iu·
546 2517 607 2566 Vat.
619 2523 679 2567 tert.
692 2523 719 2565 et
733 2516 759 2567 d.
771 2517 828 2565 Pal.
848 2518 961 2566 Floreat.
972 2517 1057 2566 Oxou.
1070 2531 1109 2578 pr.
1123 2517 1184 2565 Put.
1195 2516 1264 2579 Reg.

185 2584 254 2630 ctae.
265 2582 415 2644 pr.Bouou.
434 2582 484 2630 duo
496 2581 570 2630 Med.
584 2580 675 2630 Heius.
694 2581 728 2630 H.
745 2587 773 2630 at
791 2582 841 2630 inc.
858 2582 942 2644 ejusd.
954 2581 1004 2630 duo
1019 2582 1082 2632 Juu.
1099 2581 1210 2642 genitrix
1222 2582 1266 2629 vel

160 2641 313 2696 ntrlcVet.
324 2659 376 2694 rec.
396 2647 487 2694 rectrix
506 2647 548 2695 vel
561 2646 648 2695 nutrix
658 2646 707 2695 inc.
721 2645 811 2695 Heinr.
827 2647 919 2695 rectrix
935 2646 976 2693 vel
993 2645 1078 2700 untriu
1092 2645 1133 2692 vel
1153 2646 1265 2705 genitrix

159 2707 233 2757 Voss.
243 2713 361 2759 eccmtt
377 2724 465 2761 morem
472 2711 588 2759 Floreat.
605 2709 656 2759 inc.
678 2709 768 2759 Heius.
785 2711 879 2760 Peter.
895 2725 933 2773 pr.
950 2709 1040 2758 Amor.
1060 2715 1122 2757 tert.
1135 2709 1195 2756 Var.
1212 2710 1264 2759 Η..

160 2784 270 2887 uit
280 2772 1130 2902 tu:tutrituraretur.terpretatur
1140 2788 1191 2900 tt
1202 2774 1267 2886 lu:

202 2907 254 2952 ter.
274 2906 391 2955 sea—⁴2
402 2903 552 2964 franguntur
569 2917 618 2965 pro
634 2904 661 2966 ri
670 2903 791 2963 frangunt
803 2904 904 2950 Bonou.
916 2901 1014 2962 frangit
1026 2902 1139 2950 Florem.
1145 2901 1266 2962 frangunt

160 2964 222 3016 Vnt.
234 2980 286 3016 rec.
295 2968 361 3031 Bag.
369 2968 432 3019 Juu.
442 2982 494 3016 sec.
506 2965 592 3016 Oxon.
604 2981 644 3028 pr.
654 2965 750 3029 publicu
761 2966 902 3031 propatula
913 2966 1029 3015 Floreat.
1047 2979 1080 3014 ru.
1091 2969 1197 3029 pre-44
1213 2969 1266 3014 ritu

662 3093 768 3146 NO'I'AE

193 3211 227 3258 ⁸6
242 3208 390 3270 Purcuruque
404 3206 500 3269 Joeem]
522 3207 624 3256 Natura
641 3207 693 3257 cle·
762 3212 797 3258 42
814 3208 929 3258 Erexirre
939 3207 1020 3271 caput]
1037 3205 1113 3258 Quod
1125 3205 1172 3254 soli
1185 3204 1265 3254 homi-

161 3289 216 3332 mut
230 3283 323 3332 Jovem
340 3296 396 3330 esee
415 3296 520 3344 parcum
536 3288 616 3346 utque
633 3297 692 3331 ave·
732 3284 758 3332 ni
771 3285 888 3348 contigit,
896 3285 1015 3348 quodque
1027 3284 1084 3347 eius
1095 3281 1180 3344 arguit
1192 3281 1264 3330 nobi·

161 3372 218 3407 rum
230 3357 256 3405 in
269 3357 408 3406 tantiauuis
416 3356 524 3418 divitiis,
539 3357 631 3422 quibus
640 3358 691 3422 pri·
731 3359 839 3408 litatem.
873 3359 931 3408 Hoc
940 3358 1102 3421 depromtum
1114 3370 1147 3404 ex
1156 3355 1265 3418 ovidio,

161 3438 207 3483 rat
222 3433 348 3481 homines.
731 3435 775 3499 qui
794 3436 849 3484 lraec
868 3434 955 3484 canit:
973 3434 981 3461 ‘
997 3432 1035 3484 Os
1046 3431 1142 3482 homini
1154 3430 1265 3481 sublime

194 3512 226 3559 8⁷
245 3510 349 3558 Horrere
365 3507 426 3572 ritu]
442 3508 513 3558 Situs
530 3514 571 3557 est
588 3507 689 3558 illuvies
732 3512 822 3578 dedit‚’
833 3515 883 3562 &o

161 3585 358 3657 querelamque
370 3582 454 3634 foedat
465 3599 540 3645 agros
552 3589 691 3634 cessentur.
764 3592 796 3637 48
813 3588 886 3652 Aulo]
903 3589 1038 3652 Vaguntur
1057 3598 1105 3650 per
1116 3585 1204 3646 saltur,
1220 3597 1265 3633 ne.

193 3665 226 3712 ³8
242 3658 380 3722 Fructilui]
399 3659 485 3709 Poenis
497 3667 524 3708 et
535 3657 659 3723 frugibus.
732 3678 804 3714 mora
815 3664 926 3726 deserta,
937 3664 963 3712 in
975 3662 1067 3728 quibus
1078 3661 1120 3710 vie
1132 3661 1203 3708 nulla
1213 3666 1263 3722 eat,

192 3741 225 3789 40
243 3736 369 3798 Nouerca]
386 3737 562 3801 Natumque
574 3741 692 3784 materno
732 3744 761 3788 et
772 3753 829 3804 quae
840 3739 900 3789 ideo
911 3739 1033 3789 dicuutur
1045 3737 1112 3800 aria,
1124 3736 1197 3801 quari
1209 3736 1265 3785 siue

161 3810 258 3863 ellectu
274 3812 389 3861 homiues
405 3816 466 3859 ante
480 3809 597 3872 fovebat,
608 3810 693 3875 queri·
734 3814 782 3865 via.

161 3889 292 3953 turquod,
300 3902 341 3937 me
348 3886 470 3952 jubente,
478 3885 551 3935 facta
560 3887 593 3935 ait
605 3900 693 3936 nover·
766 3890 905 3940 commuuio
935 3889 1031 3954 pullulo]
1063 3888 1179 3939 Glandes
1204 3902 1263 3954 quae

161 3977 202 4026 α,
213 3960 309 4027 eosque
319 3965 371 4014 alut
382 3963 528 4028 glandibus,
539 3977 602 4028 qnos
614 3964 692 4012 melle
732 3973 793 4016 eunt
813 3967 935 4014 elimenta
959 3965 1104 4015 communie
1125 3965 1215 4014 bestiis
1237 3971 1266 4015 et

161 4045 189 4090 et
200 4039 268 4088 lacte
280 4040 387 4089 aluerat.
732 4042 883 4092 homiuibus.

193 4118 225 4165 41
251 4117 357 4166 Meutuu
374 4117 477 4166 truciore
492 4118 557 4184 polu]
579 4116 639 4168 Hoc
659 4131 692 4167 ex
764 4122 797 4169 m
821 4117 930 4183 detur]
953 4119 1073 4168 Lustrum
1092 4125 1133 4166 est
1151 4117 1264 4181 spatium

161 4192 355 4246 Platonicorum
366 4193 504 4243 sententie.
645 4218 648 4224 ·
734 4197 847 4264 quiaque
865 4206 999 4262 aurorum,
1019 4194 1066 4246 red
1086 4195 1218 4262 siguificat
1237 4211 1264 4249 e·
