2700 4702
619 312 708 380 1196

123 473 252 540 Praeter
269 473 331 539 hos
354 471 439 537 duos
452 471 543 536 luere
564 471 608 535 ad
626 490 761 535 manum
776 470 995 556 exemplaria,
1013 490 1118 536 unum
1133 469 1224 536 Wil-

122 576 221 641 helmi
241 573 396 650 Meeraui,
421 573 512 637 aliud
537 573 698 656 Episcopi
720 572 976 651 lincolniensis,
997 574 1079 638 bina
1099 573 1224 638 biblio·

121 677 228 742 thecae
243 675 433 751 Vaticana,
452 672 617 737 Mediocre
635 673 782 751 unicum,
803 673 942 737 alterum
964 672 1166 737 Hafniensis
1186 674 1221 736 iu

123 777 246 853 Dauia,
269 783 342 839 tum
367 781 400 838 et
422 774 562 837 Thomue
584 773 782 853 Bartholiui,
805 773 873 839 duo
898 775 1041 858 denique
1064 794 1109 838 ex
1136 773 1223 837 meis

122 878 255 943 scriniis
270 878 459 959 depromta,
472 883 508 939 et
525 875 601 940 lraec
620 877 758 959 quidem
776 877 969 941 recentioris
986 884 1077 943 notae
1095 875 1223 954 omnia,

123 979 184 1044 sed
198 999 274 1062 quae
300 983 409 1043 tamen
429 976 600 1042 evolvisse
621 996 688 1041 non
712 979 826 1042 nolim.
870 977 1005 1042 Incerto
1030 976 1160 1042 auctori
1186 982 1225 1042 nt

121 1080 297 1165 plurimum
310 1080 384 1144 haec
399 1077 518 1160 Elegia
540 1078 726 1156 ascribitur,
745 1098 849 1162 quarn
863 1079 1059 1143 senteutiam
1074 1075 1224 1159 Scaliger

123 1200 257 1265 quoque
271 1186 321 1245 est
336 1186 482 1244 secutus.
527 1179 688 1245 Barthius
708 1180 879 1246 Venantio
893 1179 1079 1244 Fortunato
1093 1196 1224 1241 assere·

121 1282 191 1360 bat,
206 1282 383 1346 Theodulo
405 1280 622 1347 sirmondus:
653 1301 827 1366 perperam
849 1288 999 1366 uterque.
1045 1279 1113 1342 Sed
1129 1279 1223 1342 aliter

121 1382 217 1465 longe
232 1402 322 1459 sues,
339 1383 434 1447 aliter
445 1383 563 1460 catuli,
579 1382 671 1464 qnod
693 1389 748 1446 est
768 1383 805 1446 in
820 1382 1010 1467 proverbio.
1053 1378 1223 1443 Plurimus

122 1480 210 1548 enim
223 1485 309 1548 nitor
323 1484 460 1566 ubique,
482 1484 624 1567 plurima
641 1490 676 1548 et
689 1483 775 1548 felix
790 1483 958 1550 aemulatio
974 1480 1149 1565 politorum
1163 1499 1223 1563 op·

121 1587 275 1651 timorum
290 1585 417 1666 passim
431 1584 466 1647 in
481 1583 544 1647 hoc
568 1585 734 1668 opusculo
756 1583 903 1669 apparet.
948 1581 1062 1661 Quare
1077 1582 1223 1647 Lactan-

121 1686 160 1752 tii
175 1687 352 1768 genuinum
367 1705 441 1749 esse
456 1683 543 1749 hunc
558 1685 675 1751 foetum
696 1686 845 1751 dubitari
859 1685 904 1749 sit
916 1684 1021 1761 nefas,
1035 1683 1224 1766 praesertim

123 1796 198 1852 corn
227 1787 439 1850 veterrimum
462 1784 580 1850 Vossii
605 1786 778 1869 exemplar
798 1787 886 1850 hanc
911 1785 1160 1868 inscriptionem
1183 1784 1224 1848 li·

122 1887 227 1971 quido
235 1885 403 1963 ostendat,
425 1883 532 1949 Versus
557 1882 719 1951 Lactantir'
742 1887 780 1951 de
806 1887 876 1951 Aee
903 1885 1070 1949 Plroerrr'ce:
1104 1883 1167 1948 scd
1189 1890 1224 1949 et

121 1987 392 2054 Bartholiuianus
417 1987 537 2066 codex,
555 1985 719 2052 Lactantii
746 1986 903 2053 firmiori
921 1988 959 2052 de
984 1997 1055 2050 ortu
1078 1995 1109 2048 et
1135 1983 1223 2048 obitu

124 2082 279 2153 leicis
294 2108 417 2151 carmen
434 2085 699 2173 elegantissimum.
744 2088 871 2155 Praeter
886 2088 988 2154 hosce
1000 2093 1066 2152 tres
1081 2086 1143 2150 alii
1158 2087 1222 2151 sub

121 2191 220 2255 finem
233 2189 396 2273 poematii
407 2189 584 2254 lactantio
597 2189 633 2253 id
645 2190 778 2256 disertis
791 2191 904 2255 verbis
919 2190 1100 2265 ascribunt.
1146 2187 1222 2252 Nec

121 2292 310 2355 obnitentes
329 2297 429 2374 atque
448 2290 484 2354 in
505 2292 669 2356 contraria
682 2299 798 2357 euntes
813 2292 994 2375 quicquam
1003 2289 1117 2374 juvat,
1132 2287 1222 2372 quod

121 2391 167 2455 D.
182 2390 409 2474 Hieronymus
423 2390 459 2453 in
474 2391 629 2472 catalogo
654 2411 793 2476 operum
812 2391 1107 2456 Lactantiauorum
1122 2389 1222 2474 hujus

120 2491 228 2556 libelli
249 2511 290 2555 ne
314 2491 484 2555 minimam
510 2490 647 2573 quidem
671 2480 874 2557 mentionem
897 2491 997 2556 tacit:
1020 2490 1148 2573 quippe
1165 2488 1222 2572 qui

116 2593 281 2677 justorum
291 2596 418 2656 tantum
431 2591 639 2656 voluminum
652 2592 729 2657 'illic
753 2592 897 2657 indicem
912 2596 1081 2656 contexat.
1126 2591 1222 2656 Nou·

119 2694 212 2761 nulla
225 2694 325 2777 etiam
347 2693 382 2757 in
402 2695 466 2758 hoc
485 2693 656 2776 poematio
677 2701 851 2759 occurrunt
872 2694 1114 2758 Ethuicismum
1127 2693 1221 2758 redo-

119 2796 233 2875 lentia,
247 2795 364 2861 fateor.
410 2793 525 2859 Sedet
548 2794 612 2859 hoc
632 2800 858 2876 argumentum
882 2813 1021 2878 prorsus
1033 2793 1222 2859 invalidum

119 2906 185 2977 ost,
198 2898 266 2967 nisi
282 2896 458 2962 ostendant
471 2895 683 2962 Lactantium
703 2894 911 2961 Ethnicismo
927 2914 1098 2978 nunquam
1111 2895 1221 2962 imbu-

118 3007 191 3064 tum
214 2999 335 3075 fuisse,
350 2998 412 3062 sed
432 2998 589 3063 haustam
609 2996 813 3081 ductamque
827 2999 869 3061 ab
883 2998 941 3062 illo
957 3017 1032 3061 cum
1047 2997 1136 3062 lacte
1151 3017 1220 3065 ma·

76 3087 78 3090 ’
119 3108 212 3165 terno
233 3091 424 3182 religionem
447 3096 695 3165 Christianam:
718 3099 807 3182 quod
830 3117 917 3181 aegre
931 3098 1028 3163 nobis
1042 3099 1220 3182 persuade·

118 3203 212 3265 bunt.
266 3199 367 3264 Nunc
393 3199 522 3282 Elegiae
546 3200 772 3267 emaculandae
798 3219 860 3283 pro
887 3199 974 3265 virili
999 3200 1219 3283 accingamur.

119 3303 186 3378 lu,
200 3302 247 3365 mi
269 3299 387 3378 Walli,
405 3319 472 3383 qua
490 3300 663 3367 literarum
687 3300 876 3383 cognitione
900 3299 1019 3383 polles,
1040 3300 1220 3383 pulchrene

120 3403 201 3469 milri
214 3421 317 3488 opera
328 3403 405 3469 haec
418 3404 630 3490 processerit,
645 3402 783 3489 optime,
796 3402 826 3469 si
840 3388 915 3488 duis
927 3401 1027 3482 alius,
1037 3399 1218 3485 judicabis.
