2700 4702
561 315 813 367 resonemus.
1149 304 1236 370 1387

133 456 216 505 ludant
228 470 279 505 noo
291 471 360 518 reges
369 463 397 507 et
405 459 486 507 ludent
494 458 601 509 Luceni.
613 460 665 522 (ly-
705 474 778 508 roce.
796 461 870 509 ldem.

133 532 579 595 raldetaliialiquotunusPotav.
593 536 664 583 Plau·
738 543 767 587 et
786 537 871 587 &mur
890 537 1021 601 recolueris]
1051 538 1152 589 Graecis
1170 545 1237 587 λυσι·

132 610 240 671 dentque.
250 609 319 671 quod
329 608 436 658 arridet.
446 611 481 657 nil
490 618 561 658 muto
570 618 664 660 tamen.
704 611 778 673 μέλης
789 628 891 660 somnus
901 613 1033 663 alluditur.
1051 616 1129 664 Idem.

129 684 218 744 Silius,
226 685 270 732 lib.
279 698 336 733 xvt.
354 689 361 713 ‘
373 691 400 732 et
410 686 532 745 olrrrimua
541 686 607 734 idem
616 687 664 735 Lu·
737 692 768 738 21
782 689 888 748 Ancipiti
892 688 982 750 gradu]
999 689 1099 749 Dubio;
1112 703 1236 754 sospem

131 761 218 810 dentis
230 777 277 821 uer
288 763 356 808 colla
368 761 467 809 romae!
489 764 521 809 D.
537 763 621 810 Heius.
704 765 773 812 inter
783 777 854 825 spem
867 773 893 811 rt
905 770 1008 811 metum.
1027 765 1100 813 Idem.

164 841 196 885 ta
213 838 350 900 ludentque
361 839 436 885 neatis
451 838 571 886 numios
582 838 664 900 come]
736 843 767 887 25
785 840 884 889 Acerlis
892 838 1000 901 Scythis]
1017 839 1099 888 Diris.

129 913 227 974 Magna
260 915 403 961 venustatis
429 915 550 962 acce-sio.
574 928 605 962 rr.
630 914 662 962 de
736 915 847 979 Scythm
865 916 962 963 Notum
979 915 1024 961 hos
1042 929 1089 975 pro
1108 913 1170 964 feris
1188 915 1236 965 im·

129 989 236 1051 Rapta:
254 989 383 1036 ‘Braclria
401 989 466 1036 uude
487 990 581 1045 nitent,
602 989 662 1037 levi·
704 991 871 1054 manibusque
882 989 1033 1037 mortalibus
1045 988 1105 1038 dici.
1121 989 1212 1039 Bou.

129 1063 179 1112 bus
192 1065 339 1126 proJecorut
354 1065 427 1112 Euris
437 1064 567 1112 lodocilea
577 1078 663 1112 errare
736 1069 769 1114 26
787 1065 874 1126 Corde]
890 1065 955 1113 Toto
967 1078 1054 1125 sensu,
1065 1065 1133 1113 omui
1144 1071 1233 1129 capro.

129 1141 235 1188 comas!
264 1139 365 1188 AEucid.
387 1153 404 1189 r.
416 1140 548 1200 Virailios,
565 1139 663 1188 ‘dede
705 1141 780 1190 Idem.

128 1221 223 1279 ratque
252 1230 350 1264 comam
383 1213 528 1263 diffundere
563 1214 664 1262 ventis!
737 1219 768 1264 2⁷
795 1216 926 1263 Mirantem
953 1215 987 1277 te]
1019 1214 1117 1262 Sideris
1145 1213 1253 1264 instans

129 1291 221 1340 Barea.
704 1291 779 1338 Idem.

162 1369 194 1415 la
214 1365 276 1412 Telis
288 1363 401 1423 jacebunt
421 1369 503 1426 opums
524 1363 575 1413 teis
588 1362 663 1424 sero]
736 1368 768 1412 28
789 1365 858 1413 Ultro
878 1365 1001 1412 modium
1015 1364 1081 1426 poti]
1110 1364 1234 1414 Adulatio

127 1441 167 1490 Ut
187 1440 302 1488 sentiant
324 1436 430 1486 formam
453 1438 660 1500 Imperatoriem.
704 1440 876 1503 Panegyrico.
893 1442 967 1490 idem.

127 1515 206 1564 Idem.
734 1522 766 1566 30
795 1520 904 1580 Colluque
924 1527 1005 1580 poscat
1031 1521 1125 1570 vincula
1149 1519 1234 1584 ubero]

160 1595 193 1640 ld
210 1589 271 1651 Iaeo]
289 1589 531 1638 Hernicovenatio
544 1589 661 1651 Principi
702 1593 867 1641 Incredibilis
880 1594 1002 1643 adulatio.
1019 1596 1094 1644 Idou.

125 1665 214 1714 detur.
255 1664 384 1726 Joseplrua
404 1665 548 1724 Boionius,
566 1664 611 1714 lib.
623 1679 661 1714 vr.
734 1671 764 1715 31
785 1667 915 1729 Caucasus]
934 1669 1017 1718 Notus
1027 1685 1098 1719 mone
1109 1671 1233 1735 scythin.

122 1742 130 1767 ‘
144 1737 258 1790 Inflictis
268 1738 365 1800 gaudet
372 1739 515 1801 jaculis,et
526 1746 607 1789 morte
620 1754 661 1788 su·
702 1743 776 1792 Idem.

123 1815 231 1880 perbit.'
248 1815 323 1862 idem.
734 1821 766 1864 84
785 1817 850 1865 Secu
861 1817 964 1879 recepto]
985 1819 1107 1869 Muliebri
1119 1820 1233 1884 ingenio.

159 1895 194 1939 16
221 1888 363 1951 Reneraum]
388 1892 428 1939 Ex
450 1892 525 1952 Fato,
553 1890 661 1939 alternis
734 1891 818 1939 Patris
837 1897 860 1939 et
879 1892 1010 1954 immemor]
1035 1895 1138 1958 Martis,
1157 1896 1232 1959 cujus

121 1964 310 2015 Semestribus.
326 1965 394 2013 Vide
406 1965 549 2028 Hyginum.
567 1966 643 2015 Idem.
701 1966 754 2014 lilla
769 1968 918 2030 lllppolyte.
938 1969 1065 2032 Hyginus,
1084 1970 1148 2020 Feb.
1165 1983 1233 2022 ιιι.

158 2041 260 2104 Sperat
270 2040 413 2105 Adonidem]
429 2041 537 2090 Rectius
551 2045 660 2104 mum:
700 2042 791 2090 Bortls.

122 2124 153 2167 et
175 2119 271 2165 domm
281 2116 378 2164 Mureti
394 2115 459 2164 liber
475 2123 504 2165 et
522 2131 587 2165 unas
599 2115 660 2164 Am·
732 2122 764 2166 311
782 2118 898 2181 securim]
922 2118 987 2168 Qnae
1005 2127 1136 2174 armatura
1154 2121 1232 2170 Ama·

124 2193 197 2242 bros.
213 2192 248 2241 D.
263 2191 348 2240 Heius.
700 2193 798 2241 conica.
816 2193 891 2241 Idem.

158 2271 191 2315 1⁷
212 2265 331 2328 Virdium]
347 2265 415 2314 Vide
432 2265 551 2315 Serrium
570 2265 603 2314 ad
618 2267 660 2316 AE·
732 2272 762 2316 dl
780 2267 905 2316 Seminudo
925 2271 1028 2332 pectore]
1055 2271 1170 2318 Mamma
1189 2285 1233 2320 ex·

124 2342 258 2392 neid.v11.
276 2342 364 2390 Barth.
700 2353 766 2394 ertn.
783 2343 858 2392 Idem.

157 2422 190 2466 18
207 2416 357 2479 Subplntnni
368 2416 439 2478 coles]
459 2416 525 2465 Haec
537 2417 659 2465 veralcc·
731 2423 764 2467 38
781 2419 902 2479 Negotum
911 2418 1023 2484 Herculi]
1040 2410 1232 2485 Suntenim'qoi

124 2494 181 2543 tio:
200 2494 324 2556 aliijoces,
336 2495 376 2542 vel
389 2509 447 2541 cum
456 2493 567 2553 vulgatis
579 2493 658 2542 urbes:
700 2494 805 2542 tradant
816 2507 866 2542 nou
878 2494 926 2541 nisi
942 2496 1066 2544 extinctae
1077 2496 1177 2545 detrahi
1186 2510 1232 2560 po·

122 2569 194 2634 qnod
214 2567 282 2617 forte
303 2583 335 2617 ex
353 2569 416 2618 lutet
427 2570 469 2616 vel
479 2569 549 2627 jubet
560 2577 658 2618 natum.
700 2572 781 2618 tuisse
793 2570 871 2619 etiam
884 2569 916 2618 ab
931 2570 1052 2620 Hercule.
1070 2573 1145 2621 Idem.

121 2645 186 2693 vires
202 2644 346 2706 primvat.
362 2651 390 2691 et
406 2643 510 2691 Fumea.
528 2643 562 2692 D.
572 2643 658 2692 Heius.
729 2648 762 2692 ³9
778 2644 917 2705 Bellumque
935 2647 996 2691 solus
1010 2645 1132 2708 conficeret
1150 2646 1230 2710 decor]

157 2719 268 2780 Platoni]
286 2717 371 2766 Arbor
389 2716 537 2765 umbrarum
555 2716 658 2765 nomine
699 2719 843 2767 Suntenim
862 2725 890 2765 et
907 2719 1068 2781 speciositati
1086 2734 1132 2768 sua
1149 2732 1229 2770 arma.

121 2794 384 2844 commendatissima.
400 2793 489 2842 Burtlr.
698 2792 773 2840 Idem.

156 2874 189 2920 19
208 2870 383 2932 Gelidospece]
409 2869 536 2917 Divorum
557 2882 657 2917 morem
729 2873 762 2916 40
779 2868 840 2916 Mox
845 2866 924 2926 faciet
936 2867 1024 2930 airum]
1050 2868 1108 2916 Nox
1118 2867 1229 2931 Gyrald.

121 2947 261 2995 emulatur
272 2945 313 2994 lric
325 2944 460 3006 Princeps.
478 2943 554 2992 Idem.
698 2944 806 2991 Lucens.
818 2947 846 2990 et
861 2941 911 2989 duo
930 2941 974 2990 clii
992 2956 1050 2990 cum
1063 2943 1228 2993 Farnesianc.

156 3026 189 3070 20
209 3019 391 3081 l'orrmtiorem]
419 3018 596 3081 Rapidiorem‚
615 3019 658 3068 vel
698 3018 732 3068 D.
745 3017 831 3066 Heius.
949 3022 954 3029 ’

121 3103 151 3144 et
164 3095 331 3144 erectiorem.
357 3093 477 3158 Utraque
492 3093 560 3143 enim
575 3095 614 3143 vis
631 3093 657 3143 in
734 3089 828 3152 Virum]
846 3090 979 3141 Maritum.
995 3092 1083 3152 Boin

631 3386 722 3452 XII.

155 3571 234 3618 Duos
255 3575 399 3631 postremos
424 3583 514 3619 versus
545 3571 655 3632 singula·
695 3570 767 3628 tiam,
784 3565 1023 3631 publicatripudin.
1056 3567 1100 3615 Ita
1116 3568 1227 3630 populns

119 3659 181 3693 rum
192 3645 353 3707 stropharum
371 3646 447 3708 hujus
460 3647 527 3695 Odae
539 3647 565 3695 iu
577 3661 655 3695 uuum
696 3647 810 3695 Coronas
840 3643 966 3703 sumebat,
984 3641 1089 3692 choreas
1116 3641 1228 3693 ducebat

119 3719 250 3769 coaluia‘se
263 3721 382 3768 videaain
392 3722 480 3769 multis
489 3723 602 3785 antiquis
613 3737 655 3770 oo·
697 3737 744 3784 per
760 3724 843 3776 mins,
861 3718 987 3766 communi
999 3717 1109 3782 quodam
1126 3719 1237 3780 generis,

119 3795 236 3845 dicibua.
270 3797 365 3844 Contra
375 3799 487 3853 singulos
500 3813 586 3845 versus
606 3797 655 3847 ode
697 3799 798 3846 lnrmaui
812 3797 887 3844 sedo.

120 3872 242 3936 proxima
254 3873 279 3920 iu
295 3875 358 3920 duos
378 3874 495 3923 dividuut
507 3874 654 3923 Claveriani
732 3872 841 3934 Nuptiuli
851 3870 915 3931 rere]
932 3871 1000 3917 Vere
1017 3868 1117 3917 nubunt
1133 3868 1227 3921 omnin.

120 3947 234 3996 codices.
251 3950 284 3997 D.
295 3949 379 3997 Heius.
698 3948 785 3997 Bortd.
1206 3990 1210 3996 ,

156 4030 170 4074 1
190 4026 281 4074 Cuncta
289 4025 370 4087 tellus]
396 4027 503 4088 Nuptiae
515 4026 583 4075 eninr
602 4025 654 4074 Inr-
728 4027 743 4072 t
764 4023 835 4072 l'oros
844 4019 939 4081 lueriles]
951 4018 1071 4068 Omnium
1081 4032 1175 4080 rerum,
1186 4032 1226 4069 so·

120 4107 271 4167 peratornnr
297 4101 427 4164 publicam
448 4099 563 4150 inferunt
590 4101 656 4151 laeti·
694 4100 899 4161 leuasuomore,
922 4093 1051 4145 dominum
1068 4092 1228 4160 facitlmnee
