2700 4702
194 302 280 368 1144
492 315 577 390 ton.
601 302 814 389 oosuorsrtr
840 311 962 363 nxvn.

235 459 306 521 Οὐδ’
319 462 403 520 ἔθελε
415 463 551 537 μογέοντι
564 465 663 535 πορεῖν
676 455 831 533 ἑοιβᾶθρον
844 453 952 515 ἀοιδάς.

233 557 359 618 ‘latrent
372 583 426 637 μευ
440 559 560 634 θώρηξεν
574 555 618 612 tlv
628 554 780 631 πολύμητιν
789 556 910 626 ἀνάγκη.

510 721 803 776 ῙΝΤΕΒΡΒΕΤΑΤΙΟ
822 720 980 772 Poimen

418 822 453 871 Et
468 827 540 884 negot
555 823 615 871 lonc
625 821 696 882 sesso
703 821 809 885 probem
825 821 851 870 in
864 821 965 884 praemio
980 822 1071 868 costae

419 887 492 936 Hunc
505 888 566 950 petit
582 888 637 936 inde
653 887 710 937 meis
725 901 776 934 sors
788 887 909 949 ingeniosa
924 884 1029 946 sagittis.

524 1014 818 1067 INTERPRETATIO
839 1016 955 1068 PRosA

189 1113 266 1165 dorso
276 1118 417 1177 portasset,
434 1125 517 1177 nsque
528 1113 634 1163 volebat
649 1114 707 1162 mili
724 1114 850 1164 laboranti
865 1114 928 1163 date
943 1113 969 1162 in
984 1111 1098 1178 pretium
1113 1115 1218 1162 cantus.
1253 1108 1297 1158 Id·

190 1179 261 1230 circo
272 1193 356 1228 meum
367 1178 477 1228 armavit
489 1179 569 1227 telum
581 1179 715 1242 ingeniosa
726 1179 875 1229 necessitas.

682 1325 739 1344 ouo
742 1322 829 1344 unu

220 1427 236 1471 ³
261 1420 343 1472 ἔθελεν
359 1424 428 1488 conj.
443 1424 523 1475 (lesu.
539 1424 618 1490 ἀοιδὰς
630 1425 721 1476 Heius.
739 1426 817 1485 ἀοιδῆς
828 1422 909 1490 Cang.
925 1423 997 1485 ἀοιδᾷ
1015 1421 1106 1472 Reisk.
1117 1418 1200 1470 Gesu.
1211 1423 1240 1468 et
1251 1417 1293 1469 ed.

189 1486 346 1551 Bipont.-⁴l
364 1487 449 1553 θῶρηξε
459 1487 513 1538 νόον
524 1492 593 1552 conj.
608 1490 692 1539 Reisk.

687 1632 794 1687 NOTAE

186 1767 353 1818 ramelenum
374 1767 488 1834 Larium,
506 1768 602 1834 lingnae
614 1767 717 1818 Graecae
759 1765 804 1833 qui
823 1780 872 1830 pro
892 1765 1004 1830 pecunia
1022 1761 1183 1814 mercenario
1201 1772 1293 1810 versus

186 1841 378 1907 peritissimum.
759 1843 923 1905 obtruderet,
943 1841 1089 1902 ridiculum,
1111 1838 1201 1905 quiin
1224 1836 1292 1886 istud

218 1918 277 1968 Hoc
287 1919 409 1969 Graecum
421 1920 579 1984 epigramma
594 1920 620 1968 in
630 1916 717 1970 multis
758 1919 867 1969 bominis
886 1918 1022 1968 scriberet.
1055 1916 1096 1966 En
1112 1915 1178 1964 levis
1190 1912 1293 1978 conjec-

185 1994 319 2046 codicibus
335 2011 386 2046 non
399 2005 491 2058 extat;
508 1998 535 2047 in
546 1998 620 2060 hujus
631 1997 717 2046 verbis
759 2000 826 2056 tura,
845 1995 910 2045 cedo
929 1994 1071 2053 meliorem,
1090 1997 1118 2042 et
1136 1991 1292 2054 amplector.

185 2076 214 2120 et
225 2070 311 2135 phrasi
320 2073 389 2122 nulla
397 2072 545 2142 difficultas,
553 2081 581 2122 at
589 2088 647 2123 cum
657 2088 716 2123 acu·
758 2073 881 2122 Ceterum
891 2086 922 2121 eo
941 2086 982 2121 me
1001 2069 1077 2119 facile
1089 2066 1184 2117 adduci
1197 2064 1291 2128 patiar,

183 2161 242 2197 men
254 2157 282 2198 et
297 2164 397 2212 ¹sensus,
417 2151 461 2214 qui
477 2151 716 2214 maximespectan·
757 2156 786 2199 ut
805 2165 861 2200 cum
881 2149 941 2198 viris
953 2146 1103 2214 quibusdam
1114 2142 1226 2194 eruditis
1237 2156 1292 2191 crc-

184 2223 232 2272 dus
242 2232 292 2287 est,
303 2226 442 2285 excutitur,
454 2226 549 2289 OEdipo
560 2233 632 2275 certe
651 2239 716 2290 opus
757 2225 816 2276 darn
836 2226 862 2275 in
878 2227 926 2275 hoc
946 2225 1132 2289 epigrammate
1149 2221 1234 2269 latere
1247 2217 1291 2267 ali·

183 2313 252 2360 esse,
263 2315 313 2348 nou
332 2302 392 2349 mihi
412 2309 522 2364 tantum,
539 2303 565 2352 id
586 2302 655 2366 quod
670 2302 716 2351 mi·
757 2301 817 2366 qnid
836 2301 1013 2351 obscmnitatis
1031 2308 1059 2349 et
1078 2297 1214 2362 nequitiae,
1232 2309 1290 2359 quae

184 2389 241 2423 rum
254 2390 305 2423 non
318 2382 395 2437 esset,
408 2377 453 2425 sed
465 2385 492 2424 et
503 2377 558 2424 aliis
569 2378 646 2440 louge
658 2391 715 2425 cru·
756 2392 808 2426 non
828 2384 879 2426 tam
898 2377 991 2438 verbis,
1011 2390 1086 2438 quarn
1106 2372 1221 2431 silentio,
1238 2381 1289 2420 uon

183 2449 354 2505 ditioribusac
362 2453 597 2515 perspicacioribus
603 2454 717 2504 videtur.
756 2457 810 2501 tam
824 2453 892 2512 luce,
910 2467 985 2516 quam
999 2450 1113 2500 tenebris
1123 2454 1152 2498 et
1163 2449 1225 2512 igne
1236 2447 1289 2512 pia·

184 2525 340 2576 Claudianus
362 2525 450 2575 forsan
473 2542 552 2590 agens
574 2541 715 2590 pauperem
755 2527 837 2575 culari
847 2527 924 2590 digna
933 2528 965 2574 sit
971 2524 1124 2589 judicanda.

184 2601 296 2665 aliquem
308 2601 430 2664 Poiitam,
447 2618 505 2651 eum
521 2602 614 2652 irridet
626 2600 715 2653 tradu·
788 2601 955 2664 ΙἛλοεῶνος]
990 2602 1044 2651 Per
1072 2600 1235 2662 Heliconem,
1260 2605 1288 2648 ut

182 2676 281 2740 citque,
301 2678 370 2742 quod
389 2693 447 2726 cum
460 2679 564 2726 naulum
576 2693 626 2726 non
637 2678 713 2728 lrabe-
754 2677 819 2740 dixi,
829 2676 1024 2741 intelligendum
1042 2683 1083 2724 est
1098 2676 1235 2739 Templum
1252 2675 1289 2725 Α-

182 2759 233 2815 ret,
251 2769 360 2819 eramque
376 2754 408 2804 ad
430 2754 592 2814 Heliconem,
614 2761 660 2805 aut
679 2756 712 2805 ad
753 2753 856 2815 pollinis
868 2752 992 2815 Palatini,
1002 2752 1070 2816 quod
1082 2750 1227 2814 Augustus,
1236 2751 1287 2801 An·

181 2829 315 2894 Templnm
334 2832 464 2896 Apollinis
486 2832 609 2897 Palatini,
625 2838 712 2883 vatum
753 2829 824 2878 tonio
843 2835 870 2879 ct
888 2829 1031 2893 Cleopatra
1047 2828 1161 2890 divictis,
1174 2843 1207 2877 ex
1225 2844 1289 2878 mar·

182 2907 303 2971 po'e'urata
315 2908 459 2971 auditurus,
478 2917 523 2959 aut
533 2925 578 2958 sua
588 2910 711 2970 lecturus,
752 2920 824 2955 more
835 2907 989 2968 construxit,
1000 2905 1044 2955 ubi
1057 2905 1200 2958 Poetarum
1220 2906 1287 2958 illue·

182 2984 306 3045 venisset,
331 2999 406 3033 servo
431 2984 543 3045 cuidam,
569 2985 613 3049 qui
642 2984 716 3034 sellas
756 2982 833 3033 trium
854 2982 999 3047 ‘imagines
1012 2982 1162 3033 lambebant
1180 2982 1285 3033 bederae

182 3057 216 3106 ad
228 3059 383 3107 audiendum
393 3060 562 3121 conduceret,
570 3073 714 3109 versussen
755 3057 898 3123 sequaces!

182 3141 272 3184 cantus
284 3133 394 3183 officiose
406 3135 541 3197 obtulerit,
550 3149 657 3200 sperans
665 3137 714 3186 hac
787 3135 970 3200 δἘπιβάθρον]
993 3137 1043 3187 Vir
1064 3137 1168 3202 quidam
1192 3137 1286 3186 doetus

181 3212 284 3261 bonoris
302 3212 403 3260 honmlo
421 3211 501 3261 delati
517 3212 614 3275 specie,
625 3213 714 3262 sellam
753 3212 819 3276 legit
841 3211 977 3277 ἐπιβάθραν,
998 3227 1113 3264 occesamrr
1133 3215 1166 3262 od
1184 3218 1287 3276 contum,

181 3302 238 3338 sese
250 3289 329 3351 gratis
339 3303 416 3352 posse
425 3288 551 3339 obtinere.
560 3290 712 3354 Quodnam
752 3302 794 3337 ssu
809 3289 961 3339 Parnassum.
1124 3323 1127 3333 .

180 3365 237 3430 spei
249 3380 299 3414 nou
311 3364 497 3428 respondisset,
509 3380 540 3414 eo
551 3365 665 3431 poetam,
682 3374 713 3418 ut
784 3361 954 3426 anatinam
971 3363 1074 3428 ἀνάγκη]
1102 3365 1230 3427 Ingeniosa
1247 3380 1286 3414 rre-

180 3446 222 3491 cst
233 3441 240 3469 ‘
252 3456 333 3504 genus
344 3441 468 3490 irritabile
481 3441 585 3506 vatum,'
602 3442 713 3506 impulit,
751 3440 855 3490 cessitas.
881 3440 1007 3491 Ovidius:
1024 3441 1032 3468 ‘
1045 3441 1069 3490 Ο
1081 3447 1208 3506 quantum
1220 3440 1286 3490 subi·

180 3517 246 3567 utin
257 3533 358 3567 serrum
367 3518 438 3566 illum
449 3519 649 3568 ‘lucubrationis
658 3534 710 3569 suae
752 3515 785 3564 tis
796 3517 898 3566 casibus
909 3517 1039 3580 ingenium
1051 3525 1091 3568 est
1099 3517 1115 3565 !'
1132 3517 1286 3581 Epitbctum

179 3592 279 3657 telum,’
295 3599 324 3644 ut
340 3594 376 3647 ait
387 3593 420 3643 de
433 3595 552 3659 Caligula
562 3596 712 3659 Suetonius,
750 3593 815 3642 illud
826 3608 897 3657 saepe
905 3594 1028 3643 tribuitur
1037 3595 1125 3659 Ulyssl
1134 3593 1286 3658 Homerico,

177 3671 185 3698 ‘
198 3669 358 3734 stringeret?
374 3671 438 3722 Quae
450 3686 491 3720 res
502 3673 588 3736 arguit
601 3671 711 3723 Poetam
750 3666 1024 3732 πολύμογοιςὊδυσοεύε.

175 3760 321 3814 pauperem
340 3753 368 3797 ct
385 3746 538 3811 ridiculum3
559 3762 711 3813 pauperem,
