2700 4702
190 305 196 317 ·
277 306 385 358 ι’·ιιι
413 305 635 362 nuruortun
660 306 733 364 uta.
758 306 822 365 ι.·
922 306 955 315 “’
1026 289 1116 370 lm

90 447 113 500 ι’
145 451 211 501 Erat
221 450 350 514 Niphates
362 451 395 502 ad
415 451 545 503 Occidea-
615 459 646 505 23
666 457 799 520 Eutropius
810 459 899 508 ceruus
914 459 976 524 lubi]
987 446 1077 524 ‘Supra
1088 463 1117 510 ai

90 529 205 583 :erminus
223 530 337 579 Persicae
356 533 427 580 eirca
438 546 470 581 ea
481 539 545 582 tem·
582 531 636 580 llud
646 532 726 582 voluit
736 533 856 595 agens-de
866 533 976 584 Rufino.
970 552 975 564 ·
992 536 1043 585 buc
1054 538 1120 588 rero‘

90 602 201 655 ditionis.
229 605 390 669 Ammianus,
407 606 451 657 lib.
460 620 544 682 xxstn
583 607 699 669 pertinet
710 609 824 657 locusD
838 608 977 673 Augustini
992 612 1054 661 satis
1064 608 1120 663 ele

90 698 103 732 ι
582 696 661 744 gaus:
686 684 801 733 ‘Melius
822 692 861 735 est
885 694 915 735 ut
935 695 1027 750 pereat
1049 693 1121 738 unus'

93 757 192 820 Οιίιιι]
220 760 350 824 Quicquid
371 762 543 812 Romanarum
582 773 658 822 quum
681 761 782 810 auitas:
820 761 913 825 virgil.
940 763 1045 812 ‘Unum
1065 765 1119 828 pro'

89 835 203 883 nolarum
223 842 265 885 est
286 837 320 887 ad
342 838 479 888 orientem
498 840 544 890 So.
581 835 890 900 multisdabiturcaput!
909 839 1003 888 Closer.

89 912 162 960 idem.
613 909 743 959 &counio
753 912 837 975 ualuis]
849 913 1116 964 Omniuooloeredicii

91 987 172 1035 Morbi
189 988 250 1050 lass]
274 990 439 1042 Pestilentia,
472 991 543 1056 Lim,
581 984 615 1034 ob
634 987 830 1036 instabilitatem
853 997 1007 1051 perpetuam
1027 1003 1113 1060 reram

103 1064 364 1128 morbusquiiniicit.
581 1063 693 1112 omnium
730 1065 914 1114 alteratricem.
961 1066 1116 1117 Juvenallas'

89 1140 117 1188 llo
135 1142 212 1189 oolouo
227 1142 374 1204 Responsura
389 1145 467 1208 seges]
494 1144 542 1192 Di·
581 1139 839 1189 ‘SuutinFortuuae
853 1141 896 1204 qui
912 1140 1012 1190 casibus
1027 1141 1113 1191 omnia

91 1232 104 1264 ι
122 1232 184 1265 arua
200 1220 358 1281 respondere
376 1221 542 1270 Rustirortuu
580 1222 688 1278 ponam,
713 1217 747 1265 Et
766 1217 837 1265 nullo
856 1216 975 1266 credant·
989 1219 1113 1267 mundum

89 1293 103 1352 i,
112 1308 170 1342 oum
179 1309 250 1357 spem
260 1295 542 1346 eorumnoufrustrau·
581 1297 684 1339 lectore
695 1292 810 1341 moveri!
826 1292 915 1343 Barlh·

89 1369 214 1433 Virgilius,
231 1371 326 1434 Georg.
339 1387 358 1422 ι.
381 1374 388 1400 ‘
401 1373 449 1422 lllu
467 1387 541 1434 seges
596 1398 598 1403 ·
612 1366 655 1416 Sic
665 1368 744 1417 omitia
754 1367 840 1431 oolois]
852 1368 894 1417 lta
904 1383 938 1417 ex
950 1368 1032 1418 veteri
1043 1367 1111 1418 libro

88 1459 112 1503 sn
131 1448 198 1495 votis
217 1448 360 1510 respondes
375 1450 446 1498 svart
465 1449 541 1512 Agri.
580 1441 721 1491 Cluverius.
740 1445 825 1505 Vulgo
835 1443 908 1494 nobit.
933 1442 1017 1519 Aldus
1026 1443 1117 1494 ιιιίιιιέ

121 1521 444 1573 Sicmeudacemfuudum
459 1526 541 1574 Hora·
578 1517 899 1582 Livineiussiquoomua
931 1519 1114 1583 narrataque

89 1598 130 1660 qui
141 1597 267 1647 destituat
277 1614 349 1662 spem
365 1600 458 1661 coloni,
469 1599 486 1650 l,
498 1613 539 1650 ιιι,
578 1593 658 1642 Μία
678 1594 766 1644 uubis!
792 1592 895 1643 frustra.
935 1595 993 1644 Lib.
1016 1607 1059 1644 ΠΙ.
1077 1594 1112 1644 de

89 1676 129 1720 .1.
152 1673 232 1721 ‘Nou
251 1675 395 1723 verberatas
415 1674 540 1738 grandine
579 1670 658 1732 Περι.
676 1671 736 1719 ‘sio
756 1672 860 1720 numina
877 1670 939 1720 fatis
957 1670 1111 1723 volvimur?

96 1747 256 1812 -Fuadusque
267 1749 398 1798 mendax!
431 1751 540 1812 ‘Ingra-
579 1745 653 1795 Infra
664 1748 713 1797 boo
725 1747 783 1810 ipso
802 1747 882 1796 libro:
899 1747 1026 1796 ‘tantone
1045 1745 1111 1798 libet

88 1824 189 1887 ugrum,’
206 1825 346 1890 Martialis,
366 1827 411 1876 lib.
424 1839 451 1877 x.
463 1827 538 1892 Epig.
578 1823 696 1870 mortalia
716 1824 770 1871 risu
791 1823 929 1872 Volverei'
954 1832 985 1873 ut
1003 1823 1113 1887 quidem

88 1900 154 1950 ustis.
578 1897 698 1961 antiquus
717 1898 810 1948 codex.
836 1900 945 1961 Statius,
964 1899 1048 1948 Theb.
1068 1911 1110 1950 ιι.

88 1974 189 2039 legato]
206 1978 266 2029 Qua
277 1977 390 2028 victima.
413 1979 485 2028 Dlrae
497 1994 539 2028 sn.
576 1971 585 2005 ⁴
597 1972 667 2023 Quas
678 1973 768 2037 volvis,
779 1974 907 2035 Gradive,
916 1973 1010 2023 viceri'
1029 1975 1111 2024 Luda-

88 2064 121 2099 rae
133 2052 317 2101 suntdlrorum
329 2054 471 2116 numinum,
482 2055 539 2103 diss
577 2049 603 2095 ni
613 2048 665 2097 ista
676 2051 808 2113 respexit:
825 2051 833 2078 ⁴
845 2065 896 2099 nou
908 2058 960 2099 tam
973 2065 1044 2100 caeco
1058 2057 1111 2099 tra-¹

88 2125 225 2177 solentium.
243 2129 319 2177 Idem.
576 2121 616 2171 bis
627 2123 712 2173 omnia
726 2138 812 2184 consu,
829 2125 917 2190 'l'eque
933 2126 1006 2189 nibil,
1017 2127 1110 2176 Fortu·

88 2217 116 2250 aa
125 2203 191 2264 oros]
218 2202 285 2252 Aras
296 2202 416 2266 offensas,
427 2204 538 2270 figurate
576 2210 619 2260 Μ»
632 2198 729 2260 pudet’
746 2200 781 2249 D·
793 2199 880 2250 Hss'lil·

88 2277 123 2326 *iis
135 2278 166 2325 ad
180 2279 242 2326 iram
254 2280 377 2330 accensis,
396 2281 490 2331 Closer,
608 2277 641 2321 24
657 2272 713 2322 Hoc
723 2276 801 2337 regni,
814 2275 929 2338 Fortuna,
940 2277 1016 2342 lenes]
1032 2277 1108 2326 ltain

88 2351 209 2400 lustrandi
213 2353 305 2416 fasces]
322 2354 431 2403 Pisoulo
442 2369 538 2404 exenn-
575 2349 733 2412 impotentes
748 2351 918 2416 incivilesque
937 2353 1007 2416 loqui
1025 2353 1119 2417 indig-¹

88 2427 127 2478 lui
137 2426 195 2475 linis
208 2427 344 2476 lustrandi.
574 2424 689 2473 nabuudi
701 2426 794 2475 solent.
814 2428 953 2477 Terentius
964 2427 1090 2494 Adelphis
1101 2447 1108 2480 ι

88 2502 178 2564 isdum]
195 2503 389 2566 Impetraudum
402 2518 448 2567 per
460 2505 539 2555 saeri-
575 2499 658 2563 ‘quid
677 2500 727 2549 boo
738 2500 778 2548 rei
788 2502 846 2550 est?
871 2503 1023 2565 Regnumne
1038 2504 1108 2570 heio,

88 2577 96 2605 ‘
109 2577 235 2626 litandus
251 2576 443 2627 Sacrificiorum
456 2581 537 2644 rigua,
574 2575 705 2637 AEschiue,
716 2583 745 2624 tu
756 2576 873 2638 possides
883 2577 901 2624 i'

87 2668 141 2717 quoe
157 2654 303 2704 sacrificare
322 2655 416 2704 iterum
437 2670 489 2705 uon
506 2657 536 2705 li·
605 2650 829 2721 JooosdiSoeor'tio]
857 2653 957 2702 Ludum
980 2652 1047 2703 enim
1065 2655 1109 2720 jo·

99 2726 175 2777 luter
184 2731 261 2777 litare
271 2729 340 2777 enim
352 2736 380 2778 et
390 2729 537 2780 sacrificare
574 2742 684 2790 cumque
696 2727 818 2776 Fortuna
836 2730 976 2779 censebant
987 2733 1116 2798 culture,

90 2810 189 2853 tuaest:
207 2802 360 2854 sacrificare
382 2811 428 2873 est¹
440 2806 535 2857 hostias
573 2802 704 2867 indiguos,
722 2809 750 2853 et
769 2804 860 2867 dignos
877 2806 973 2854 inmore
990 2807 1106 2858 homines

87 2880 245 2939 lare31itare
266 2893 338 2942 vero,
359 2894 405 2943 per
424 2882 537 2932 immola·
573 2878 730 2942 deprimere.
757 2881 840 2929 Porro
853 2883 980 2945 adjounm
992 2885 1107 2934 brinulu·

87 2968 101 3003 n
125 2955 266 3003 hostiarum
294 2956 436 3018 impetrare
466 2960 536 3023 quod
573 2956 685 3020 dumque
696 2957 819 3006 Fortunae
830 2959 1024 3023 pertinetquod
1035 2962 1107 3025 iuge·

87 3029 139 3080 les!
156 3031 240 3080 Litore
250 3032 339 3096 itaque
351 3032 473 3084 dicssntur
482 3036 536 3100 qui·
572 3033 645 3082 niose
664 3033 774 3082 Plautus
793 3033 860 3084 dixit
879 3037 985 3085 miseros
1004 3052 1020 3085 a
1037 3036 1106 3088 forto

87 3107 151 3156 istim
164 3107 299 3171 addicunt,
311 3115 356 3158 aut
367 3109 500 3163 abdicuut.
572 3109 617 3157 illa
636 3124 683 3159 sua
700 3107 868 3160 homunculos
885 3125 933 3174 pro
944 3111 996 3175 pila
1007 3113 1106 3163 baberi.
1194 3121 1196 3124 ’

87 3183 227 3232 »blondum
245 3185 373 3248 Prodigio]
399 3188 437 3237 Ut
456 3189 535 3240 moris
572 3184 661 3235 Bortls.

87 3265 160 3324 utque
177 3274 300 3323 responsa
317 3269 404 3310 vatium
416 3267 535 3316 consule·
604 3266 635 3312 2⁶
653 3262 775 3312 Huraonis
794 3262 873 3327 rebus]
895 3263 959 3314 vita
977 3266 1106 3319 universa.

94 3331 220 3399 prodigiis
240 3337 302 3400 ipsis
324 3339 447 3404 pleraque
468 3345 535 3394 mals
573 3339 652 3389 Ouid.
669 3339 768 3388 ‘Ludit
789 3339 815 3387 in
832 3339 948 3388 humanis
961 3341 1045 3390 divina
1061 3356 1107 3405 po·

88 3425 117 3460 ra
128 3412 311 3475 expiabantur.
328 3415 371 3464 Sic
380 3416 534 3484 Androgyni
572 3416 655 3467 tentia
675 3415 770 3466 rebus!
803 3416 939 3479 Horatius,
950 3418 996 3467 lib.
1007 3431 1038 3467 ιι.
1050 3420 1107 3469 Sat.

87 3487 244 3537 tubauturin
254 3504 341 3540 mare:
359 3495 440 3544 ‘aves
449 3494 534 3546 funes-
571 3505 633 3542 ιιιι.
650 3494 658 3521 ⁴
670 3493 730 3553 beu,
742 3493 866 3554 Fortuna,
879 3491 935 3556 quis
953 3499 995 3542 est
1014 3494 1107 3543 erude-

88 3569 143 3626 ptae
151 3564 343 3615 exurebantur·
357 3572 385 3617 et
394 3570 465 3633 talia,
476 3586 534 3636 qua
572 3569 620 3618 lior
630 3569 657 3617 in
667 3582 714 3618 nos
732 3569 769 3616 'l'e
781 3568 871 3617 Deus?
887 3573 1030 3633 nt'semper
1044 3575 1106 3635 paui

86 3637 280 3703 Obsequentem
296 3642 385 3705 legere
401 3652 451 3696 est.
485 3649 535 3698 Ps-
572 3645 618 3693 des
638 3645 745 3693 illudere
761 3643 839 3694 rebus
859 3644 1013 3696 Humanisi'
1045 3647 1107 3698 Pul-

86 3710 235 3763 l'aoiendum
262 3718 393 3781 Eutropia
412 3725 533 3792 consulit,
572 3721 700 3771 eberrirno
719 3722 875 3772 Clarrdianus
891 3723 1013 3774 bacchari
1031 3725 1106 3790 dicit,

85 3802 118 3837 ex
136 3797 226 3838 vatum
239 3807 358 3858 persona,
371 3797 534 3851 Claudianus.
572 3797 671 3847 ebriam
693 3799 774 3860 reiut,
792 3799 862 3849 nullo
884 3800 966 3864 gradu
985 3805 1107 3851 constan·

86 3872 148 3915 tum
158 3875 200 3916 est
209 3883 269 3917 sane
277 3869 340 3932 juro
351 3875 444 3924 merito
455 3878 534 3926 bomi-
572 3880 636 3936 tem,
656 3881 686 3922 ut
707 3889 799 3936 passus
814 3874 945 3936 ambiguos
962 3875 1048 3924 eidem
1059 3877 1105 3926 ad·

86 3944 279 4006 *pudentissimo
316 3953 344 3997 et
377 3953 533 4004 avarissimo.
572 3950 801 4000 scribitOvidius:
820 3950 1108 4019 ‘Passibuaambiguis

572 4029 686 4077 Fortuna
698 4026 814 4074 volubilis
825 4031 911 4076 errat!
929 4028 1004 4079 Idem.

86 4094 241 4160 Quodcunque
254 4100 352 4164 purant]
378 4104 472 4154 conant
484 4111 534 4154 ter·
603 4108 636 4155 tu
652 4105 740 4154 Servili
754 4104 871 4177 Critolao]
888 4105 975 4156 Servis
985 4107 1103 4172 omnibus

86 4169 217 4223 latisauus
239 4189 298 4226 oum
317 4177 439 4245 istasunt
458 4182 532 4234 libro.
570 4173 882 4231 inferioremetvillorem
899 4189 927 4233 et
945 4165 1106 4250 uituperabi·

86 4247 133 4309 5¹4
331 4282 336 4289 ·
367 4290 369 4294 Α
426 4283 433 4301 ι
533 4257 757 4311 liortsafaeere
767 4256 922 4329 Eutropium
930 4256 1038 4327 quaerit
1048 4260 1104 4318 ita
