2700 4702
117 263 203 333 11³4
471 279 529 327 os.
552 276 767 327 osuuorsur
791 277 867 327 rvr.

118 421 231 496 Solors
244 419 327 483 lusit
339 418 468 503 hyems,
483 419 744 502 imperfectoque
756 420 864 501 rigore

164 521 318 586 Nobilior
333 521 417 586 vivis
432 539 563 601 gemma
576 521 733 584 tumescit
746 521 857 603 aquis.

118 684 187 735 hobel
192 684 277 746 frigus
288 684 388 748 glaciei.
405 683 497 748 Hyeme
506 698 583 745 suges
592 685 685 733 lascivit
694 685 719 732 in
730 684 778 733 hoc
789 699 870 748 opere
879 701 887 745 ;
901 689 926 733 et
934 698 1027 747 gem
1037 684 1178 749 pretiosior,
1190 683 1223 734 ol>

118 748 262 800 soliditatem
273 748 384 797 nondum
395 747 536 810 absolutam,
546 752 628 810 turget
637 749 705 812 apsis
714 748 810 800 muris.

581 886 637 907 0011
641 886 725 905 ΙΝΙΝ
730 887 757 905 Ν

120 978 247 1037 nepai—8
264 973 324 1022 ludii
336 974 398 1022 Pul.
409 970 491 1022 Hafo.
508 972 572 1022 luxit
580 971 679 1021 Buslid.
690 972 745 1020 risit
753 972 814 1023 Juu.
826 976 913 1035 pr.—4
929 972 1139 1023 unicissimus
1150 972 1224 1023 Med.

120 1040 183 1089 Pul.
194 1037 245 1087 duo
256 1038 347 1087 Petsr.
365 1037 466 1086 Bouon.
486 1037 537 1087 duo
549 1036 639 1087 Ambr.
652 1037 748 1086 Mores.
761 1051 800 1099 pr.
812 1036 899 1087 Oxou.
911 1051 963 1086 sec.
976 1037 1076 1086 lluslid.
1088 1043 1143 1087 vet.
1157 1036 1222 1113 ⁰5³·

118 1102 183 1152 Vct.
195 1102 277 1151 Lirin.
289 1102 353 1151 Exc.
373 1101 484 1150 Lucens.
505 1116 543 1165 pr.
564 1101 654 1150 Sched.
666 1100 735 1150 Gud.
752 1115 813 1150 susc
827 1102 878 1152 inc.
898 1101 991 1151 Heius.
1003 1101 1063 1151 Vct.
1085 1114 1139 1151 sec.
1156 1101 1223 1150 aslis

118 1165 181 1217 Vst.
199 1172 260 1215 terr.
282 1165 396 1214 Florem.
412 1165 480 1215 milis
495 1172 523 1214 et
540 1165 626 1213 ciliciis
638 1180 673 1213 m.
683 1179 735 1213 sec.
749 1164 829 1216 Oisel.
854 1165 916 1214 ciuis
934 1181 967 1215 m.
979 1179 1019 1230 pr.
1030 1170 1059 1215 et
1081 1164 1171 1214 nitidis
1187 1179 1222 1215 m.

120 1243 174 1281 sec.
184 1231 247 1281 Vsr.
258 1229 311 1281 LL.
322 1229 364 1279 ed.
376 1229 455 1279 Anu.
472 1234 584 1279 temneat
596 1229 655 1278 Pal.
667 1229 719 1278 (luo
731 1227 803 1280 Med.

616 1386 725 1437 NOTAE

154 1499 260 1562 surii]
277 1499 356 1552 Quasi
367 1498 480 1550 ludendo
489 1499 653 1562 constringit,
693 1498 755 1558 rior,
767 1497 914 1560 pretiosior,
929 1497 990 1563 quia
1001 1497 1071 1561 rigor
1082 1511 1129 1547 seu
1141 1497 1228 1548 solidi·

120 1575 235 1626 indurat.
279 1577 328 1626 Est
348 1576 415 1625 euiur
433 1576 475 1626 iric
495 1575 653 1626 lascivientis
693 1581 732 1625 tus
744 1572 837 1638 lapidis
858 1574 963 1638 glaciati
977 1590 1029 1625 uon
1046 1573 1170 1639 perfectu
1189 1590 1227 1626 os·

121 1658 221 1700 naturus
233 1650 315 1701 ludus.
693 1649 779 1700 tendit
798 1651 871 1700 velut
888 1664 1012 1715 gemmam
1030 1657 1181 1716 turgentem
1201 1667 1227 1701 ι·

155 1727 337 1793 Imperfecioqce
346 1727 428 1790 rigore
438 1725 549 1791 nobilior]
559 1726 653 1776 Pulch·
693 1726 750 1792 quis
763 1727 864 1777 nativis.

606 2033 732 2108 Lvu.
795 1979 799 1986 ’

536 2261 568 2322 7.
612 2256 804 2322 ALITER.

123 2422 315 2496 Nuururs,
331 2437 408 2501 quae
425 2417 537 2499 tegitis
552 2422 692 2499 cognato
709 2435 839 2480 carcere
856 2414 1043 2499 Nymphas,

171 2522 210 2588 Et
225 2541 303 2605 quae
320 2539 406 2582 nunc
422 2519 513 2595 estis
529 2536 669 2600 quaeque
683 2516 793 2580 fuistis
810 2535 921 2599 aquae,

151 2685 175 2734 0
187 2684 271 2748 Aque,
279 2698 331 2747 que
337 2681 435 2746 operitis
443 2696 516 2745 cqucs
525 2682 628 2744 segmine
635 2681 718 2744 simii,
729 2686 752 2731 et
760 2697 811 2745 que
819 2696 881 2731 nunc
887 2683 953 2743 estis,
965 2681 1228 2747 acquiesceremus,

156 2918 188 2966 Iu
207 2923 258 2967 vei.
278 2917 343 2980 Gyr.
364 2914 488 2978 superiori
506 2929 633 2964 annexum
651 2919 708 2964 erat
727 2915 776 2963 lroc
788 2928 901 2962 carmen.
919 2914 969 2964 inc.
989 2913 1080 2964 Heius.
1091 2915 1174 2965 habet
1190 2918 1228 2966 De

125 2984 211 3032 eodeuu
239 2982 327 3030 Aliter.
347 2980 447 3028 eratin
459 2979 520 3028 Vct.
540 2994 580 3043 pr.
599 2986 626 3029 et
638 2979 721 3028 Livio.
748 2979 779 3027 ln
791 2980 903 3028 Lucens.
914 2993 954 3042 pr.
973 2987 1001 3027 et
1022 2979 1084 3029 Put.
1096 2980 1173 3030 deest
1184 2982 1226 3030 lu·

124 3052 309 3172 scrlrpfflffloe
319 3106 371 3155 duo
381 3105 451 3154 Vati.
463 3105 521 3154 Pol.
533 3107 608 3156 Rott.
617 3106 698 3157 Oisel.
707 3106 758 3156 duo
768 3106 841 3154 Med.
852 3105 903 3154 duo
911 3105 1007 3156 Petsv.
1017 3106 1118 3156 Bonou.
1128 3108 1227 3158 Buslid.

124 3172 238 3236 Lymplre
255 3172 339 3220 Oxou.
358 3184 410 3219 sec.
423 3170 502 3219 Geso.
521 3178 548 3220 et
568 3171 609 3220 ed.
630 3172 738 3236 Bipont.
761 3171 925 3220 carcerevat.
944 3185 983 3234 pr.
1005 3172 1060 3220 Pal.
1081 3171 1141 3221 duo·
1154 3172 1227 3222 Med.

125 3234 216 3285 Ambr.
228 3234 268 3298 p'r.
279 3233 374 3284 Sched.
386 3234 456 3284 Gud.
472 3240 566 3298 pectore
583 3236 680 3285 Moret.
701 3250 740 3299 pr.
757 3249 853 3298 corpore
864 3235 988 3283 Heinsius
999 3249 1049 3284 non
1066 3235 1227 3298 improbasse

125 3300 240 3360 videtur,
251 3299 295 3385 qui
307 3299 464 3361 ascripserat
476 3313 511 3348 us.
522 3303 546 3348 8.
557 3315 612 3364 seq.
624 3299 712 3364 Epigr.
728 3299 806 3347 ‘Non
818 3299 909 3361 potuit'
921 3306 978 3348 toto
991 3299 1096 3348 mentiri
1115 3314 1227 3364 corpore

125 3378 259 3428 genunium.
285 3363 391 3427 lymphas
403 3363 466 3411 Mss.
478 3364 602 3426 nonnulli,
613 3363 675 3412 item
686 3363 765 3413 Gesu.
779 3371 806 3410 et
817 3363 859 3412 ed.
874 3363 1028 3426 Bipont.—2
1044 3379 1090 3412 uon
1102 3365 1161 3414 estis
1170 3365 1228 3414 Mo·

126 3435 175 3476 rel.
187 3441 225 3490 pr.
236 3427 320 3491 jsuxii
332 3434 385 3477 tres
397 3427 470 3477 Vstt.
479 3426 537 3477 Pol.
553 3427 633 3476 cinxit
644 3428 759 3476 Florenl.
771 3426 843 3475 Med.
860 3441 912 3476 sec.
925 3425 1004 3477 Hafa.
1017 3427 1067 3476 inc.
1080 3427 1174 3479 Heius.
1185 3429 1227 3492 qui

125 3492 299 3556 ascripserat:
317 3492 359 3540 Sic
370 3505 428 3540 curo
444 3490 537 3541 ciuciri.
549 3493 601 3542 vid.
612 3492 718 3541 Salmas.
731 3490 764 3540 ad
776 3490 846 3540 Hist.
857 3489 924 3554 Aug.
944 3506 969 3555 p.
982 3495 1037 3543 179.
1049 3491 1128 3541 Ovid.
1141 3493 1227 3544 1.Me-

623 3636 732 3686 NOTAE

159 3752 172 3796 1
185 3747 291 3809 Cognato
300 3748 404 3812 earcere]
416 3748 447 3797 In
459 3751 580 3813 crystallo
589 3765 655 3816 aqua
697 3764 771 3816 quam
784 3749 879 3814 glacies
888 3765 934 3800 vos
943 3751 1149 3814 constringerei3
1167 3749 1228 3801 estis

126 3825 237 3889 glaciata
253 3839 331 3889 supra
348 3825 414 3888 tegit
424 3827 534 3890 quodam
551 3841 656 3876 carcere
696 3826 780 3875 adhuc
800 3841 882 3891 aquae,
894 3827 955 3890 quia
972 3842 1003 3874 ex
1021 3841 1090 3891 equa
1106 3831 1185 3891 ustos,
1201 3834 1229 3876 ct

126 3906 246 3963 cognato,
262 3915 308 3949 seu
324 3901 415 3950 similis
432 3908 543 3963 nature,
559 3901 587 3950 id
607 3909 671 3967 est„
696 3902 757 3965 quia
766 3899 884 3959 formam,
895 3902 1018 3960 colorem,
1027 3908 1054 3949 et
1062 3899 1143 3962 frigus
1155 3914 1229 3966 sque

126 3974 200 4037 squas
210 3989 217 4034 ;
235 3974 312 4039 tegit,
327 3975 439 4040 inquam,
454 3972 561 4024 inferius
577 3989 657 4040 squas
697 3977 825 4025 retineris.
868 3977 978 4036 Plinius,
997 3979 1129 4026 contraria
1152 3991 1231 4027 esus!

126 4062 178 4098 noo
190 4049 325 4112 glaciatus.
681 4089 685 4096 ,
697 4055 706 4082 ⁴
718 4055 870 4118 crystallum
880 4053 945 4105 facit
964 4055 1022 4119 gelu
1038 4053 1230 4104 vehementiore

159 4129 175 4174 2
187 4125 221 4173 Es
229 4140 280 4189 pore
289 4126 363 4190 usuc]
375 4127 472 4178 Fuislis
483 4142 564 4194 aque,
575 4127 657 4194 prius·
697 4137 829 4183 concreto.
864 4130 922 4182 Nec
933 4129 995 4180 slibi
1005 4136 1079 4180 certe
1091 4129 1231 4195 reperitur,
