2700 4702
356 287 405 359 uu
429 308 564 357 uranu
588 306 728 358 runco.
750 305 857 360 cous.
1070 292 1157 361 root

52 449 438 520 tranquillitatissfluminibus
447 450 591 516 profundis,
625 450 680 514 jam
705 448 818 499 moribus
837 447 905 498 unda
927 447 1059 512 receptis.¹
1079 451 1156 515 qnam

55 544 110 579 non
119 529 226 593 rapidis.
244 528 332 578 Basti„
628 540 716 574 veram
733 524 786 591 illie
808 522 948 573 lectionem
965 536 1022 573 esse
1044 524 1087 574 alil
1101 525 1162 588 jam,

88 605 228 671 laneficii]
244 606 304 656 Qua
319 606 425 668 regione
443 606 502 655 lene
518 604 591 667 fluat,
628 601 757 651 viderunt.
786 601 882 664 ‘pigre
903 599 969 649 vado
995 601 1094 664 Langia
1120 608 1160 653 ta-

54 682 137 732 docet
145 681 327 732 Pilucurtius
335 696 396 732 uero
405 681 509 745 docet,‘
520 681 591 730 altis·
628 678 706 729 eeuti’
717 679 786 742 apud
797 679 920 742 Statium,
933 679 1061 730 Thebaid.
1077 694 1118 733 rr.
1132 688 1160 733 et

53 758 123 808 sirus
134 761 245 822 quaeque
251 756 357 807 domina
366 758 471 807 minimo
479 771 540 807 sono
546 757 591 807 de·
627 774 703 811 mou:
720 760 801 809 ‘Una
812 765 899 809 tamen
913 759 1015 821 tacitas,
1027 760 1072 809 sed
1083 761 1160 825 jussu

56 830 131 881 labi?
147 832 216 881 Vide
228 833 341 884 Diodor.
369 834 462 884 cleosa
628 835 748 897 numinis,
765 835 856 895 undas,
868 835 923 884 Has
939 849 1040 899 qnoque
1057 844 1160 888 secreta

90 911 141 957 ill
162 908 264 971 Utilior]
292 909 436 961 Quotanuis
459 910 527 958 enim
552 910 591 960 Β.
627 911 711 961 nutrit
735 912 831 974 Langia
856 910 903 960 sub
921 910 1029 960 umora-J
1049 911 1094 962 lib.
1115 926 1159 964 nr.

59 990 172 1047 gyptum
195 984 317 1048 irrigans,
343 1000 377 1034 ne
410 984 533 1035 imbribus
560 1001 591 1035 ea
628 987 735 1037 ‘tacent
746 988 864 1036 exhausti
874 987 970 1036 solibus
982 987 1088 1037 amnes?
1106 990 1161 1040 Nc·

57 1065 149 1124 egeat,
165 1068 211 1109 ant
226 1061 272 1109 ulli
284 1068 409 1111 terrarum
422 1061 591 1112 facunditate
628 1079 666 1125 ao,
676 1065 747 1114 Fast.
760 1078 802 1115 ιιι.
820 1063 971 1113 ‘Sustinuit
988 1064 1083 1114 tacitas
1098 1079 1160 1115 con·

60 1134 296 1198 coucedatefficia
312 1137 443 1186 Tibullus:
453 1137 505 1186 ‘Te
515 1152 591 1202 prop·
628 1141 696 1190 scius
711 1142 792 1190 amnia
811 1141 908 1205 aquas!
931 1140 1009 1193 Pont.
1025 1155 1064 1191 ru.
1081 1142 1121 1192 El.
1132 1155 1160 1193 x.

58 1211 197 1260 ternullos
208 1212 285 1260 tellus
301 1217 346 1261 tus
365 1212 479 1274 postulat
488 1211 592 1276 imbres,
628 1216 680 1265 ‘Et
692 1217 773 1266 tacite
790 1230 917 1280 peragens
935 1216 994 1265 lena
1009 1216 1160 1266 Melanthus

59 1283 145 1335 Arida
163 1299 212 1335 nec
237 1286 325 1349 pluvio
355 1287 485 1350 supplicat
514 1286 593 1339 herbe
629 1290 787 1341 iter.'1dem.

59 1359 139 1413 Jevt'
170 1361 239 1410 Illud
256 1361 291 1410 de
312 1364 374 1413 Nilo
395 1364 518 1413 memoria
538 1365 592 1428 dig·
662 1366 757 1414 Tacitus
768 1370 918 1429 preterm
933 1365 1028 1428 ingeris]
1044 1366 1161 1417 Danubii

59 1439 167 1489 nnmsb
182 1438 282 1488 AEliano
303 1446 526 1503 commemoratur,
537 1441 594 1503 ejus
629 1440 767 1504 placiditas
795 1441 899 1504 mandis
918 1441 1013 1505 alioqui
1038 1448 1066 1491 et
1088 1443 1161 1515 uelut

61 1528 156 1578 squam
185 1529 238 1563 non
271 1515 392 1564 mulieres
418 1515 504 1578 modo,
525 1517 594 1581 quod
630 1517 731 1581 gravidi
749 1518 830 1566 amnis
845 1515 911 1567 fecit
926 1517 1093 1581 proverbium
1109 1518 1162 1567 rul·

61 1589 221 1640 Aristoteles
249 1592 373 1654 prodidit,
408 1592 453 1640 sed
481 1594 595 1655 pecudes
631 1607 693 1656 gare
714 1598 789 1642 vetus
802 1594 957 1654 Germanis;
974 1608 1030 1642 esse
1048 1593 1165 1642 omniurn
1261 1624 1265 1629 -

60 1665 141 1716 etiam
153 1666 288 1717 facundas
306 1668 430 1718 reddere:
448 1683 528 1732 qnare
540 1676 596 1718 tan·
630 1669 741 1718 amnium
759 1683 876 1731 uxorem,
889 1675 920 1717 ut
933 1669 966 1718 ob
978 1670 1161 1719 strenuitatem

62 1749 101 1793 tre
133 1741 256 1792 utilitatis
276 1741 372 1792 fiumen
400 1744 476 1793 variis
501 1743 594 1794 Poetae
631 1743 752 1794 maritum
765 1745 891 1793 Rhenum.
909 1745 999 1793 Barth.

56 1817 186 1883 ,epithetis
197 1817 373 1869 decorarunt:
385 1819 446 1884 quin
457 1819 508 1868 imo
516 1820 594 1870 Silius
663 1824 711 1869 286
731 1820 862 1871 Clementia
878 1821 935 1869 seui
958 1820 1082 1884 Gurgitis]
1100 1820 1162 1871 duni

60 1907 156 1943 rum
175 1895 332 1958 nominarim
358 1897 400 1944 vel
414 1896 476 1960 quia
493 1897 594 1946 AEliano
631 1897 724 1961 scripti
743 1897 875 1962 plerique:
901 1897 939 1946 sic
959 1904 1049 1946 eontra
1072 1897 1163 1947 essm

63 1977 145 2033 teste,
155 1971 244 2021 Nilum
260 1971 379 2034 eundem,
396 1988 472 2036 quem
488 1973 594 2038 Osyrim
631 1988 697 2036 oque
716 1973 784 2036 apud
802 1973 911 2037 poetas:
930 1977 1063 2022 assecutus
1082 1973 1162 2022 etium

62 2046 225 2109 credeban
241 2048 284 2097 vel
299 2049 359 2113 quis
375 2050 464 2099 Nilum
480 2037 595 2116 AEgyptii
631 2053 674 2097 est
692 2048 848 2111 elegantiam
865 2049 939 2113 hujus
957 2048 1077 2098 lectionis
1097 2050 1163 2098 Bar·

62 2130 258 2173 consecrarunt.
275 2124 368 2175 Delrio.
631 2124 700 2174 thius
711 2125 780 2174 curis
791 2124 985 2188 posterioribus.
1001 2124 1036 2174 D.
1048 2125 1133 2175 Heus.
1156 2150 1165 2160 ·-

105 2200 192 2248 Nullos
222 2199 340 2260 cessemus
371 2218 490 2252 murum
521 2204 595 2268 virm]
666 2202 757 2250 Eodem
774 2201 897 2250 obruentur
917 2200 981 2263 seui]
998 2201 1080 2250 Sanus
1094 2201 1163 2250 euim

60 2273 147 2323 Prim.
158 2275 243 2325 Vst‘sc.
254 2277 332 2326 sudo:
351 2279 456 2328 rectius.
468 2280 596 2343 superiori
633 2293 737 2342 gurges,
749 2279 823 2342 cujus
834 2278 1033 2327 immensitatem
1051 2277 1164 2326 clemen-

64 2367 144 2402 versn
162 2367 209 2417 pro
219 2357 261 2419 sed
277 2358 498 2418 medicaminibus,
517 2359 596 2420 idem,
632 2354 669 2403 tiu
679 2354 706 2401 in
717 2354 785 2402 ostia
796 2353 911 2403 deducit.
928 2353 1017 2402 Bautis.

63 2429 157 2478 muci&
176 2432 219 2479 ssd
238 2431 387 2481 ementibus:
405 2431 486 2496 forte,
507 2435 597 2483 motis
665 2433 714 2478 236
732 2429 852 2492 Gangem]
868 2431 977 2479 Flumen
990 2428 1055 2477 illud
1071 2421 1165 2492 magno

62 2505 261 2556 immunibus.
280 2508 313 2556 D.
325 2508 419 2558 Heius.
634 2521 693 2555 cum
721 2504 825 2570 fragore
848 2506 911 2570 ipsis
930 2506 1018 2556 statim
1035 2505 1165 2555 montibus

97 2585 148 2632 234
163 2582 250 2631 Aerior
271 2588 295 2632 et
315 2584 424 2647 rupidus]
447 2583 491 2632 lte
505 2585 597 2649 scripti
634 2584 763 2644 erumpit:
788 2582 848 2631 dein
878 2583 923 2632 nbi
949 2583 1033 2631 mollis
1056 2580 1166 2644 contigit

66 2661 139 2706 octo.
157 2656 234 2719 prim.
254 2658 397 2708 Vaticanus
417 2665 445 2707 et
463 2660 537 2709 multi
554 2660 598 2710 alii
635 2657 767 2719 planities,
775 2657 801 2703 iu
815 2655 925 2719 quodam
933 2657 992 2706 lacu
1000 2656 1166 2724 hospitatum

65 2747 103 2782 ce.
118 2731 208 2781 Aerior
221 2748 249 2781 ae
259 2734 465 2797 supranotatum:
484 2735 535 2784 (luo
548 2741 597 2787 aar.
635 2731 696 2779 inde
707 2731 772 2779 lenis
783 2729 850 2780 fluit·
870 2731 962 2782 claua.

66 2820 135 2857 unus
153 2811 190 2856 ut.
206 2808 331 2857 Lucensis
347 2811 387 2859 cd.
404 2811 442 2860 cl.
458 2811 597 2861 Gerartius
667 2810 715 2856 237
740 2806 870 2869 Lepsisque
895 2806 1014 2856 minentur
1038 2804 1165 2870 Pontibus]

65 2880 366 2947 derioritconjiciebat.
391 2885 422 2934 In
435 2886 598 2950 Claverlano,
636 2882 762 2946 Collapsis
788 2883 919 2933 minentur
941 2882 1064 2931 dilnvium
1086 2881 1165 2944 sgr-is.

65 2957 155 3008 Acrior
173 2962 200 3006 ut
217 2958 358 3008 Mnus:
378 2960 446 3024 qnod
462 2975 598 3024 perperam
636 2958 724 3008 Baro.

65 3032 157 3082 arnolt
166 3033 285 3084 Barthio.
306 3035 381 3084 Duos
391 3036 459 3084 enim
475 3038 598 3087 maximos
668 3033 797 3098 Lepsisque
808 3034 1061 3097 minenterPoutibus]
1073 3033 1167 3082 Melior

17 3160 21 3167 ,
64 3105 160 3158 duvios
171 3108 317 3172 conjunxit,
335 3110 424 3159 Nilum
439 3117 467 3161 et
485 3112 597 3164 Istrum:
636 3109 790 3172 scriptorum
809 3124 869 3173 pars
883 3111 1009 3173 ususque.-
1035 3108 1103 3174 quod
1122 3123 1168 3158 ve·
1210 3130 1212 3134 ⁴

69 3185 150 3250 idque
171 3187 291 3249 exemplo
310 3188 407 3236 Lucani
433 3202 463 3237 ae
481 3189 598 3241 aliorum,
638 3200 710 3234 rum:
735 3185 846 3234 diximus
867 3187 982 3235 nonnihil
1003 3186 1047 3236 lib.
1068 3199 1112 3236 111.
1131 3185 1167 3236 de

64 3277 115 3327 pro
138 3267 208 3312 extat
233 3263 425 3313 Macariuianus
447 3265 506 3314 exit.
530 3267 600 3331 quod
638 3262 832 3325 Repetam.
847 3263 1066 3313 Barthiustamen
1082 3262 1170 3326 vulga·

63 3338 153 3388 maloi
176 3352 224 3402 pro
243 3340 331 3388 taeitos
349 3341 424 3402 ripos,
441 3339 539 3391 frustra
557 3342 601 3391 alii
639 3344 691 3386 tam
703 3338 782 3388 malit.
799 3340 860 3387 larue
868 3342 977 3402 procellis
991 3339 1169 3389 rutislibroln

66 3420 146 3465 terim
156 3415 199 3463 vel
210 3419 300 3464 munna
309 3414 451 3474 velfroetus
460 3417 500 3464 vel
510 3421 601 3479 ruptsa.
639 3411 724 3461 Rutin.
738 3426 757 3463 ι.
769 3428 806 3463 vs.
818 3418 875 3463 ild.
887 3420 917 3464 nt
927 3415 981 3464 illic
993 3414 1168 3464 emendamnsr

68 3481 187 3542 Heronio
195 3491 239 3540 illa
248 3492 352 3541 videtur
360 3487 503 3554 respexisse
513 3509 519 3540 :
530 3493 601 3542 ‘Cen
639 3488 674 3535 D.
686 3488 772 3537 Heius.

68 3566 396 3633 septemsurgenssedatis
407 3567 522 3616 amnibus
533 3570 601 3618 altus
671 3565 720 3611 2³9
737 3561 804 3624 Pax]
831 3561 978 3611 Communis
998 3559 1119 3612 fluctibus
1139 3567 1168 3612 et

70 3644 245 3694 Parracitum
256 3645 373 3707 Ganges,
386 3650 431 3692 aut
448 3645 537 3708 pingui
555 3642 602 3694 flu.
639 3640 865 3689 humanisuuimis.
1163 3656 1165 3661 ·

67 3720 140 3770 mine
148 3719 226 3770 Nilus
235 3721 300 3769 Cum
310 3717 397 3769 refluit
406 3720 519 3782 campis!
536 3721 602 3770 Liris
674 3717 729 3764 Pax
743 3714 833 3774 maiore
848 3714 924 3776 decu]
942 3715 1069 3764 Notatum
1080 3728 1171 3777 supra,

69 3795 142 3861 apsel
162 3796 262 3859 Silium,
281 3797 325 3845 lib.
346 3809 384 3846 rr.
404 3795 495 3845 ‘fonte
515 3797 602 3860 quieto
640 3791 771 3840 diuinitati
782 3791 897 3841 homiues
905 3791 1042 3839 admovere
1050 3788 1171 3854 tranquil·

68 3869 241 3935 moringis
251 3873 342 3921 tacitas
354 3872 491 3934 gemmanti
500 3874 602 3935 gurgite
640 3867 741 3918 litatem
753 3869 948 3931 magnanimum.

69 3945 159 4010 ripas!
184 3945 285 3995 Statius
299 3960 337 3995 ιν.
350 3946 420 4010 sylv.
437 3947 546 3997 ‘Qrsalis
561 3949 603 3999 (ἱί-
674 3944 769 4004 Mqioru
779 3943 856 4006 decet]
872 3941 1051 3992 'l'ranslatione
1067 3939 1171 3990 erebus

69 4023 182 4088 nyphias
193 4029 299 4073 tacente
309 4023 367 4086 ripa
377 4024 473 4073 Poeuos
484 4026 604 4088 Bagrada
641 4029 720 4087 supra
736 4023 844 4086 Lunam,
859 4039 917 4087 qum
933 4025 959 4071 in
971 4017 1171 4071 summailoren·

68 4098 156 4164 serpit
166 4099 236 4148 inter
244 4099 337 4162 agros?
351 4100 386 4151 de
396 4101 459 4150 Nilo
469 4101 565 4152 Lucan.
576 4115 604 4153 x.
641 4097 791 4161 tissimaque
799 4104 928 4160 pacesunt
936 4101 1072 4161 perpetuo.
1081 4094 1172 4146 ΒΜ

66 4175 158 4244 ‘qnos
169 4174 276 4226 luterin
286 4177 378 4228 sltslt
389 4177 506 4229 convalle
517 4183 605 4229 tacens
673 4177 722 4224 idi
738 4173 854 4236 Largitur
863 4163 958 4238 facilis]
974 4171 1029 4225 Alli
1045 4171 1172 4239 Μὴν.
