2700 4702
122 276 210 347 mac·
317 295 426 346 nora
450 293 649 345 ronronun
676 295 716 345 ru
740 294 799 345 oo.
821 296 962 348 onnon.
985 298 1020 350 v.

122 436 328 504 iguosSpireut.'
344 437 434 487 aaron
691 439 723 488 sit
737 453 861 502 smsen
874 426 991 503 Neptuni,
1007 425 1228 504 quieqrinbet:

157 518 204 563 177
221 513 326 575 Surgere
344 511 481 577 purpureis]
506 513 655 563 Fortorec·
692 515 750 564 licis
773 517 861 565 usibus
884 514 1019 564 adhibuit:
1043 527 1126 580 quare
1137 510 1229 564 ΜΛ·-

124 591 292 652 tinsferoere:
309 598 339 640 ut
350 605 388 640 ιν.
406 591 514 641 Consul.
534 590 655 651 Honorii,
692 591 786 655 grippo
806 593 917 641 caeruleo
934 590 1031 641 vexillo
1051 590 1086 640 ub
1105 587 1224 653 Angusto

125 680 164 715 rs.
176 669 233 717 ott.
256 665 457 729 ‘ferventesque
478 672 580 715 tument
595 673 656 730 post
693 666 814 729 donatus,
832 667 905 716 Suet.
924 664 993 729 Aug.
1006 679 1031 715 c.
1047 668 1089 715 27.
1106 666 1227 728 ΜΝ

125 748 198 805 terga
209 740 351 791 dracones!
385 741 455 792 Care
466 743 555 792 audias
575 742 655 791 libros
693 743 866 807 cutem‚qnod
878 743 1051 805 ‘sanguinem
1063 739 1229 813 colorbitttl

123 819 151 868 ln
174 818 266 884 quibus
285 819 367 867 colum
385 817 474 868 seruire
493 832 539 881 pro
558 817 657 867 none:
693 817 850 869 conveniat!
870 818 932 868 Isid.
943 819 962 867 1.
975 829 1059 867 xum.
1072 819 1144 866 cil.
1167 815 1229 878 lcgo'

126 900 187 943 sunt
197 894 265 943 enim
279 894 353 957 pauci
371 908 477 943 numero
489 901 516 943 et
533 903 603 944 nutae
613 893 657 942 de·
694 903 781 945 tumen
793 909 898 944 aureum
908 893 989 944 fuisse
1000 894 1117 944 colorem
1127 893 1225 942 Draco·

124 969 243 1029 terioris3
272 969 364 1034 qrribns
391 971 471 1018 nolim
498 970 657 1020 ausonitanae
693 985 763 1019 num.
784 969 1040 1020 Ammiuo.lib.xv1.
1063 966 1167 1030 ‘alios,'
1182 967 1230 1033 ait,

126 1044 270 1094 Burihium.
289 1045 326 1094 D.
339 1045 423 1094 Heius.
698 1046 849 1109 ‘purpureis
861 1043 1066 1106 subtegminibus
1087 1042 1164 1112 texti,
1180 1041 1226 1092 cir³

159 1120 659 1183 Purpureimgnroowrneoonmnoto
695 1122 852 1171 cumdedere
871 1123 1015 1179 Dracones,
1035 1120 1170 1168 hastarum
1184 1124 1230 1168 ω’

126 1195 238 1244 vexilla:
255 1195 300 1243 illo
320 1195 397 1256 signis
416 1195 477 1256 ipsis
496 1195 660 1243 circumvoli·
695 1198 747 1247 reis
767 1198 954 1262 gemmatisque
972 1193 1165 1244 summitatibus
1179 1193 1226 1242 illl·

126 1270 228 1320 tabant.
275 1271 447 1319 Numeniunnu
484 1271 655 1333 Cynegeticoc
696 1279 779 1335 gatos,
801 1273 958 1322 hiaturasto
976 1268 1173 1334 portatilem
1188 1275 1226 1319 v'c·

125 1345 221 1410 ‘Signa
232 1346 336 1405 micant,
343 1345 480 1408 olnuatqoe
494 1351 582 1393 truces
593 1345 658 1394 lavia
695 1346 744 1396 luti
755 1348 794 1396 ira
809 1347 903 1411 perciti
918 1346 1064 1407 sibilantes,
1074 1346 1224 1396 caudam·

128 1435 189 1469 nura
198 1419 348 1469 Dracones!
365 1420 456 1469 Bonis.
695 1437 746 1486 qne
771 1423 900 1472 volumina
923 1422 1100 1486 relinquentes
1118 1420 1147 1470 iu
1168 1434 1225 1471 ren·

163 1494 387 1556 Ursuorteslsusior]
412 1495 493 1557 Signa
512 1493 595 1556 prima
607 1493 659 1542 Ro·
696 1497 768 1548 tom!
783 1499 893 1561 Dempst.

126 1584 260 1620 manorum
272 1570 386 1633 nmoipuli
390 1569 452 1629 fori
463 1575 548 1628 erant,
557 1582 576 1616 1.
590 1569 659 1616 Fari.
729 1576 778 1622 179
794 1573 866 1622 Ferri
883 1570 958 1633 nitor]
990 1571 1122 1635 Splendor
1150 1585 1226 1620 ormo·

127 1646 222 1695 deinde
257 1646 354 1708 Aquilo,
380 1645 471 1707 Lepus,
498 1636 660 1705 cinnano,
697 1662 762 1708 rnro,
779 1648 859 1696 decus
876 1646 1009 1711 egregium
1028 1648 1136 1710 miiitis;
1161 1647 1224 1712 quoi

128 1722 219 1784 Epirus,
229 1719 301 1784 Aper.
317 1720 384 1769 Plin.
395 1733 421 1768 x.
437 1723 462 1768 4.
479 1720 552 1768 Fest.
563 1719 608 1767 lib.
620 1730 660 1768 ιι.
696 1737 747 1770 uon
759 1721 887 1785 ignoravit
898 1721 1126 1785 Pyrgopolynices
1133 1720 1225 1772 Comici

127 1797 193 1847 licet
205 1796 272 1845 idem
291 1797 307 1844 l.
320 1809 369 1843 xiv
392 1809 490 1857 porcum
505 1792 660 1856 intersigno
696 1794 760 1846 ferri
768 1797 806 1846 sui
814 1797 895 1846 aciem
903 1796 978 1859 poliri
985 1797 1097 1860 jubens,
1107 1805 1138 1847 ut
1148 1797 1225 1846 aciem

128 1879 253 1936 reponat:
272 1869 398 1920 sed‘t'orte
417 1870 485 1918 idem
505 1875 546 1917 est
565 1881 659 1931 porcus
696 1874 811 1923 hostibus
831 1873 857 1921 in
869 1873 926 1922 ccie
942 1873 1146 1937 praestringeret
1164 1873 1225 1924 scili.

128 1954 157 1998 et
168 1963 247 2012 sper:
275 1948 354 1997 tertio
364 1948 477 1994 draccum
487 1943 582 2008 gestari
591 1957 660 2005 coep·
696 1956 749 1999 cet,
766 1949 855 1999 Barth,

129 2024 160 2086 ti,
175 2023 221 2072 sed
241 2023 333 2071 serium.
352 2019 479 2068 Ammian.
497 2020 595 2067 lxvu.
620 2017 659 2065 Si·
730 2030 778 2075 180
797 2025 1140 2090 qummrmm.
1149 2024 1224 2085 ffl-

129 2099 189 2149 dou.
209 2099 294 2148 carm.
306 2110 336 2145 ιι.
352 2095 408 2145 ‘Ut
429 2096 538 2159 primum
561 2099 660 2140 vestm
697 2100 727 2163 ir]
739 2101 825 2150 Alibi:
842 2102 990 2166 ‘Cretaque
1003 2117 1031 2150 se
1037 2102 1127 2165 jactet
1139 2108 1223 2152 tenero

130 2173 240 2239 Aqullus
260 2170 487 2235 provinciarium,
506 2169 592 2218 Desiit
603 2168 660 2216 bos·
697 2182 802 2240 reptata
811 2176 943 2226 Tonanti!
959 2176 1035 2228 Idm,

129 2250 191 2299 tiles
214 2247 353 2298 confestim
375 2248 479 2294 horrere
508 2240 661 2294 Dracones?
732 2251 883 2314 Cornipedis]
899 2251 1018 2300 chironis
1031 2251 1167 2303 centnm,

130 2324 200 2388 quod
220 2324 355 2387 pulchrum
382 2320 466 2370 rideri
494 2329 589 2383 posset,
610 2318 661 2367 nisi
729 2326 828 2389 Amnis]
844 2326 1074 2391 sperchinrsone,
1091 2329 1188 2379 Dm,

130 2405 221 2448 noster
237 2398 346 2445 dixisset
357 2397 390 2446 de
402 2396 527 2445 111.Hon.
539 2397 616 2444 Coos.
627 2392 660 2441 ad
731 2406 777 2452 131
796 2404 831 2452 Et
845 2416 927 2452 „emm
945 2403 1053 2452 OEroeum
1072 2403 1166 2467 ΝΜ]
1188 2403 1225 2454 ln

129 2472 223 2522 linem:
249 2472 301 2521 ‘Hi
325 2472 396 2534 pirro
417 2475 566 2522 Draconem
586 2470 661 2520 (20111²
698 2480 790 2541 legunt
811 2480 867 2527 hunc
890 2485 918 2528 et
948 2479 1113 2542 distinguunt
1133 2479 1225 2546 scripti·

129 2549 229 2608 levant,
250 2550 397 2611 mulinaque
410 2553 492 2595 {tumet
511 2545 661 2609 pernobile
698 2555 794 2616 vulgo,
804 2559 907 2602 rem,
925 2555 960 2602 D,
974 2554 1067 2604 Heius.

130 2636 236 2686 serpens
248 2623 334 2671 Iratus
345 2623 492 2671 stimulante
503 2627 575 2682 noto,
586 2621 661 2669 vivit·
732 2628 852 2690 Clamore]
868 2629 934 2678 Vide
945 2629 1140 2695 Onusundrum‚
1152 2646 1175 2682 o.
1188 2635 1224 2682 77.

132 2715 182 2764 quc
194 2700 308 2762 receptis
319 2701 446 2760 Flatibus,
462 2707 490 2747 et
502 2699 573 2747 rurio
591 2711 661 2746 men·
697 2703 785 2752 Barth.

130 2780 197 2829 titur
213 2779 288 2828 sibila
308 2778 412 2828 tracto?
446 2779 485 2827 Ex
506 2777 598 2841 quibus
616 2791 660 2837 up·
731 2781 778 2826 183
796 2779 914 2828 intumuit
925 2780 1033 2829 mmuset
1044 2781 1176 2846 lacinto]
1191 2783 1225 2832 lix

131 2863 207 2919 paret
223 2870 274 2904 non
290 2854 410 2904 fuisseex
428 2868 491 2903 auro
509 2850 662 2915 argentove,
699 2853 809 2914 Papinio
828 2861 886 2903 nurrt
903 2856 959 2904 baec
974 2856 992 2904 l.
1004 2869 1067 2906 vnn.
1083 2855 1143 2907 ‘At
1162 2863 1226 2920 post·

86 2974 91 2984 .
123 2936 162 2982 ut
173 2931 311 2996 Aquilam
329 2930 375 2980 sed
382 2936 492 2978 assutum
502 2929 661 2977 intextamve
698 2942 776 2992 quum
796 2928 881 2978 rabies
902 2930 999 2979 etrite
1017 2932 1131 2996 prodiga
1149 2933 1225 2983 virtus

130 3020 217 3070 panno
233 3005 352 3070 effigiem.
386 3006 516 3068 Expresse
527 3009 617 3052 noster
627 3004 660 3052 de
698 3005 814 3052 Emisere
825 3005 940 3054 animus!
974 3005 1081 3057 infinite
1100 3009 1227 3058 tuliusml

132 3081 224 3131 eudem
235 3094 279 3130 111.
299 3083 377 3130 Cone.
394 3079 536 3142 ‘spirisque
549 3078 661 3126 remissis
699 3078 725 3126 in
745 3079 794 3129 hoc
815 3081 908 3142 Polite,
921 3097 977 3145 qooe
993 3083 1036 3147 qui
1052 3083 1176 3135 conferre
1191 3098 1227 3134 rr·

131 3156 319 3204 Mansnescunt
345 3156 409 3204 varii
437 3161 515 3203 vento
542 3160 661 3203 cessante
699 3153 786 3213 luerit,
805 3155 902 3205 videbit
921 3157 998 3206 alium
1015 3158 1094 3222 longe
1114 3167 1227 3210 rutatum

133 3229 286 3279 Dracones!
318 3231 353 3279 Et
380 3229 412 3279 de
436 3229 558 3278 rvssHou.
584 3224 661 3280 Consi
699 3229 1228 3297 etiomingeniosissimorurncorsmiulsse,

129 3304 337 3369 ‘ferventesque
366 3311 468 3354 tument
495 3312 555 3367 pout
586 3311 662 3368 terga
701 3321 775 3369 quam
789 3307 1134 3370 quahodieinParuassum
1146 3320 1227 3362 acea·

132 3378 281 3430 Dracones?
313 3381 369 3428 lmo
387 3395 438 3428 nna
454 3395 511 3429 curn
522 3380 618 3444 Aquila
634 3381 660 3429 in
700 3381 762 3430 dere
781 3382 845 3431 viles
861 3388 889 3432 et
906 3397 984 3433 merae
996 3385 1088 3434 auimae
1104 3387 1228 3438 nituntur.

131 3456 222 3506 eodem
247 3457 365 3506 exercitu
390 3459 488 3507 Draco.
515 3465 606 3506 noster
628 3457 661 3505 de
700 3458 779 3506 Idem.

131 3532 229 3594 nuptiis
248 3531 318 3581 Hon.
335 3539 363 3581 ct
376 3533 482 3581 Mariae:
503 3532 595 3580 ‘stent
609 3531 662 3580 bol·
732 3538 780 3584 184
799 3535 872 3584 Huud
888 3538 942 3586 iiior
957 3537 1120 3602 reprobarat]
1141 3524 1229 3588 'euris'

130 3607 237 3659 latrices
262 3606 375 3672 Aquilae,
395 3608 490 3656 saerire
512 3605 663 3657 Dracones!
700 3618 751 3672 est,
771 3611 840 3660 iliius
863 3613 1000 3672 notissimi,
1027 3613 1119 3667 ‘invio
1141 3610 1230 3665 virtuti

134 3685 255 3750 Denique
278 3684 322 3732 ubi
341 3682 443 3748 Aquilae
457 3699 473 3733 a
491 3685 662 3734 Constantino
699 3687 771 3735 unlla
782 3695 822 3736 est
834 3687 894 3736 via!
928 3689 984 3738 Nec
996 3689 1065 3737 enim
1077 3690 1230 3740 virtusrm

133 3775 198 3811 crux
233 3759 353 3822 suffectu,
387 3763 522 3810 Dracones
556 3762 662 3811 retenti.
699 3763 754 3810 sinu
772 3763 896 3824 periculis
907 3765 1066 3826 agnoscitur.
1098 3765 1178 3816 Idem.

132 3838 271 3902 Dempster.
733 3842 780 3886 187
798 3839 900 3888 Prodito
916 3854 962 3887 non
978 3838 1071 3901 tunice]
1095 3839 1195 3891 Scribit
1209 3853 1232 3890 ο·

164 3915 299 3978 Purpureos
319 3913 420 3975 ungues]
436 3913 522 3961 Vocat
541 3914 574 3962 ad
593 3914 662 3963 colo·
700 3912 751 3959 nim
772 3913 892 3974 Orosius,
909 3914 953 3978 qui
970 3919 1025 3962 tum
1045 3915 1164 3979 virebat,
1181 3928 1231 3966 nt·

131 4002 185 4037 rem
195 3987 399 4052 significandum,
411 4003 468 4036 uam
481 3983 598 4049 peditum
606 4004 662 4038 rex·
700 3991 741 4036 ³⁷.
758 3988 846 4038 ‘Quid
857 3997 966 4053 uterque
976 3989 1084 4039 Rufinus
1092 3991 1232 4042 orticius

131 4063 260 4125 iliuroseo,
276 4064 391 4128 equitnm
410 4067 518 4114 eoerrrieo.
534 4065 608 4114 Serv.
629 4064 663 4114 ad
700 4065 795 4126 egerit,
816 4065 931 4130 quidque
956 4080 1036 4128 ogere
1058 4075 1170 4119 conatus
1193 4067 1233 4130 sit,

132 4137 288 4204 principium
296 4153 359 4190 rur.
371 4139 470 4190 AEneid.
487 4131 557 4205 quod
568 4140 663 4190 ircoior
700 4139 786 4190 exitus
807 4141 943 4207 utriusque
966 4140 1067 4204 docuit,
1092 4157 1155 4196 cum
1170 4143 1233 4196 elios

508 4280 521 4333 i
