2700 4702
455 314 496 389 ιη
522 311 744 363 uurnorruu
770 313 841 361 nra.
864 312 890 361 1.
1138 296 1225 364 1471

152 463 201 507 971
224 456 337 519 Valguait
358 458 443 521 Eoum]
472 457 590 518 Valgorrt
608 456 656 507 Ju·
693 455 761 504 enirn
786 456 812 503 in
830 456 877 505 baa
901 455 1040 505 dominium
1061 454 1226 506 adscribitur.

116 533 230 582 uiantes:
249 548 296 595 pro
314 533 414 580 Romani
431 533 526 593 doloris,
546 540 657 595 qrratuor
696 533 769 581 Idem.

117 610 214 672 scripti
231 609 331 657 loboris:
358 615 387 656 ut
405 609 471 657 bello
493 608 564 658 Gild.
584 610 656 656 ‘llo-
726 613 774 657 999
794 608 920 670 Nebslom]
945 609 1003 659 Qua
1023 615 1180 669 tacuerat,
1198 614 1227 658 ut

117 699 264 748 manusque
288 686 359 732 labor
386 684 592 747 Pompeianique
611 684 657 732 tri·
693 686 761 735 Der.
788 686 830 733 Dii
852 686 920 733 enim
944 684 1044 734 nebulis
1066 691 1095 733 et
1117 684 1226 737 nubibus

119 760 230 823 nmpbi.'
248 762 283 808 D.
297 760 384 807 Heina.
694 763 782 810 amicti
791 761 992 811 inducebantur.
1004 761 1141 813 Horatius:
1154 765 1161 790 ‘
1172 763 1227 812 Nu-

153 839 203 886 378
223 835 316 896 Etiam]
337 837 399 883 l'ost
411 841 451 884 tot
462 836 529 883 mala
542 842 657 883 monstra
695 839 726 887 be
744 839 894 888 candenteis
910 839 1031 888 humeros
1049 840 1157 890 amictus
1173 839 1228 890 Au·

119 912 246 961 edomita.
282 913 344 959 Noti
364 912 466 974 tyranni
485 912 657 960 a'lbeodosio
695 914 863 979 gurApollo!

120 987 341 1045 debellati,rrotrrs
351 995 378 1036 et
393 986 479 1036 Rufini
492 987 571 1036 furor.
727 992 827 1054 ingens]
851 992 888 1040 Ul
907 990 1020 1040 maxima
1040 997 1104 1039 crat.
1138 990 1227 1053 Major

154 1065 245 1112 Nostro
263 1062 415 1122 dignabimur
430 1063 480 1125 iro]
496 1065 576 1112 Velut
595 1061 657 1112 infe·
694 1068 801 1126 bocent,
819 1083 895 1131 quarn
915 1068 936 1116 ri
955 1068 1093 1116 maximam
1107 1066 1228 1116 dixisset.

120 1138 175 1187 rior
187 1139 220 1187 sit
233 1145 304 1186 motu
316 1140 382 1200 ejus.
405 1139 495 1187 Burtlr.
695 1144 848 1192 Lucretius:
866 1146 873 1169 ‘
885 1143 1001 1191 Maxima
1012 1156 1071 1205 qun
1084 1141 1149 1190 vidit
1161 1139 1229 1204 quir·

155 1219 204 1263 379
232 1214 318 1276 Rapit]
343 1215 508 1263 celeritatem
534 1229 656 1264 summam
695 1216 1047 1284 quunaeeinpeuriafingn!
1063 1216 1155 1265 Burtlr.

120 1291 180 1342 haac
192 1307 242 1339 vox
253 1291 341 1340 infert.
369 1294 446 1341 Idem.
727 1300 776 1344 399
796 1297 849 1343 Non
867 1291 1008 1356 longinquo]
1037 1292 1146 1356 Gyrald.
1170 1306 1229 1341 aar:

156 1368 233 1430 Rupit
250 1370 301 1416 coeli
318 1384 362 1430 per
377 1369 458 1417 inania
473 1369 577 1432 cursum]
594 1370 658 1418 Cele-
694 1371 723 1420 rb
743 1373 870 1433 longinquo
890 1385 948 1418 cum
973 1370 1061 1431 Tetlrys
1079 1374 1230 1418 construen-

121 1458 174 1492 rem
190 1458 235 1506 per
245 1444 327 1491 inuria
342 1458 435 1491 currum
447 1445 544 1492 rectius
561 1459 607 1507 pro
619 1445 658 1493 dl·
696 1448 766 1497 dum.
784 1448 818 1497 D.
831 1448 918 1496 Heina

121 1534 200 1568 versa
213 1520 325 1568 lectione
337 1520 434 1582 primus
444 1518 600 1569 Vaticanus:
620 1521 657 1570 sic
728 1524 880 1587 longinqua]
898 1525 958 1572 von
977 1522 1010 1571 de
1028 1521 1170 1584 longinquo
1190 1533 1231 1569 ac·

123 1595 194 1658 apud
215 1596 346 1644 Nasonem
364 1595 407 1644 lib·
422 1608 453 1644 11·
473 1596 538 1644 Met·
557 1596 659 1645 ‘celeri
695 1601 829 1650 censenda.
864 1599 959 1648 Omnia
969 1599 1024 1647 bac
1036 1596 1149 1644 facinora
1160 1594 1232 1644 Stili-

122 1678 215 1734 raptos
243 1671 402 1735 perinanis
428 1679 507 1721 vento
532 1672 660 1736 Imposuit
697 1676 784 1726 abonis
796 1673 973 1739 superioribus
993 1673 1065 1721 libris
1078 1686 1129 1720 non
1149 1670 1230 1719 semel

123 1747 210 1798 coeloss
228 1750 260 1797 D·
274 1748 359 1797 Heins-
568 1810 572 1817 p
696 1751 835 1802 recensuit.
851 1750 939 1800 Bartb.

158 1828 208 1873 377
225 1825 270 1872 Sui
287 1823 399 1885 rectoris]
431 1822 602 1872 Stilichonem
621 1821 660 1871 di·
730 1831 778 1876 999
791 1821 1232 1888 Τοσοωνρονε](ἓΙοήεῐιιτΙιοοῆετὶ

125 1899 172 1949 cit.
198 1901 287 1948 Burtlr.
694 1903 751 1966 jam
763 1903 788 1950 in
799 1900 896 1950 Peene
908 1900 1056 1948 Gildonico.
1076 1900 1149 1947 Idem.

160 1976 233 2025 Forte
250 1973 358 2036 decoras]
384 1975 473 2024 Fronte
499 1975 571 2024 Unus
600 1974 660 2024 Am·
731 1983 779 2028 999
797 1978 909 2026 Gildonis
918 1977 994 2038 taceo]
1011 1977 1080 2037 Ergo
1093 1976 1147 2036 jam
1161 1974 1231 2024 ricto

125 2051 197 2100 brot·
217 2058 245 2099 et
261 2052 375 2100 Florem·
417 2053 480 2100 Mox
504 2065 551 2113 pro
575 2052 661 2115 Ceycis
698 2056 812 2106 Gildone
823 2055 915 2116 scripti
923 2054 949 2101 lri
961 2053 1037 2101 libri:
1056 2066 1131 2115 quem
1145 2058 1232 2099 tamen

124 2127 244 2190 Scaliger
263 2127 420 2190 conjiciebat
440 2128 573 2176 Cinnanis.
607 2129 661 2193 Gy·
700 2133 734 2181 ab
742 2131 870 2195 Eutropio
881 2130 1031 2193 instigatum
1039 2134 1131 2191 aperte
1143 2126 1234 2175 scribit

126 2203 192 2252 rald.
204 2210 233 2251 et
244 2205 355 2251 ercens.
376 2203 545 2267 antiquissimi
562 2206 663 2253 Curram:
700 2208 826 2257 Zosimus.

125 2279 203 2342 prim.
232 2279 316 2327 Vatic.
338 2279 432 2341 aliique
453 2279 528 2328 multi
551 2281 662 2329 Cbnrrcia.
735 2287 861 2347 Receptum
871 2280 1013 2346 Perfidiam]
1029 2282 1128 2339 Uitam,
1147 2277 1233 2340 dejec-

126 2355 198 2417 Lege
211 2355 313 2403 Coiicis:
329 2354 366 2402 sic
378 2360 406 2402 et
417 2352 503 2401 Salinas
519 2368 566 2416 pro
579 2354 665 2403 Sa'e'uis
701 2365 762 2407 tam.
794 2358 864 2406 Mira
883 2357 988 2405 locutio.
1023 2355 1065 2403 Sic
1083 2359 1198 2415 receptum
1218 2367 1234 2400 a

127 2432 261 2481 dicebant.
305 2429 383 2493 Apud
405 2430 538 2478 Lucanum
562 2443 664 2493 qnoque
702 2435 776 2497 Rege
785 2432 926 2497 Tarquinio
944 2432 1054 2479 Romam
1073 2429 1139 2478 dicit
1151 2428 1234 2477 Mani·

127 2507 294 2558 scribendum
315 2512 389 2568 puto,
410 2504 569 2567 ‘crinigeros
591 2504 666 2553 bellis
702 2508 945 2572 tiua‚pr0subacta‚
956 2506 1000 2556 lib.
1011 2521 1030 2556 r.
1047 2507 1136 2554 Burtlr.
1159 2527 1161 2531 >

128 2596 221 2630 arcere
245 2582 371 2629 Caiicosz’
399 2593 455 2627 uam
481 2580 540 2627 libri
562 2586 665 2628 veteres
734 2589 784 2633 499
801 2584 852 2631 Eoo
863 2581 956 2643 robore]
974 2579 1155 2632 QuiaArcadii
1165 2580 1234 2627 illam

130 2659 230 2720 Caycos.
264 2657 364 2705 Graecis
382 2653 458 2702 modo
476 2655 579 2716 Καΐνχοι,
590 2654 665 2703 modo
703 2660 822 2724 partibus
840 2657 989 2707 adscribere
1007 2655 1148 2716 Eutropius
1164 2655 1235 2702 vole·

129 2735 228 2795 Καῦκοι,
247 2733 413 2781 modoetiam
429 2730 525 2779 Χᾱΰκοι·
537 2730 607 2792 apud
619 2731 666 2778 IA-
703 2736 758 2798 bat,
773 2740 804 2783 ut
815 2733 911 2782 bellurn
929 2732 998 2781 inter
1012 2729 1107 2778 fratres
1118 2734 1234 2777 sereret:

129 2811 200 2860 tiuos
217 2809 296 2857 etiam
315 2808 407 2869 scripti
422 2806 525 2856 codices
545 2805 596 2854 sibi
615 2820 666 2855 non
703 2811 729 2859 id
742 2810 810 2874 quod
823 2816 893 2858 metu
905 2806 1055 2856 stilichonis
1066 2806 1148 2854 solum
1160 2802 1237 2852 adae.

130 2892 262 2937 coustant.
281 2885 314 2933 D.
327 2884 415 2932 Heius.
702 2892 744 2935 tur
755 2883 915 2947 concupivit,
925 2897 957 2931 ne
970 2881 1003 2930 ab
1014 2896 1045 2931 eo
1053 2881 1191 2944 puniretur
1200 2878 1235 2929 ob

164 2966 211 3011 981
231 2962 280 3009 His
289 2959 374 3009 tribuit
385 2958 465 3020 reges]
492 2956 598 3020 Itajam
618 2957 666 3006 riri
703 2958 976 3010 turbatasres.1dem.

130 3039 204 3088 docti
222 3036 385 3085 scribendum
403 3039 565 3084 monuerunt.
583 3033 667 3097 prisca
736 3040 783 3087 401
803 3037 864 3091 Quo
877 3030 1088 3095 suscepissemus]
1111 3030 1172 3085 Quo
1187 3043 1237 3078 sara

131 3113 291 3177 exemplaria
300 3111 462 3162 confirmant.
479 3109 510 3157 rb
522 3112 585 3171 leges
602 3125 667 3172 prae·
701 3118 771 3176 peotu
793 3112 887 3173 lainga.
907 3108 1028 3171 Gyrald.·
1042 3114 1069 3157 et
1090 3106 1237 3171 quindecim

132 3198 259 3242 cesserat.
284 3203 402 3236 nummus
436 3185 572 3247 Hadriani,
605 3185 668 3234 Rex
705 3188 765 3237 alii:
792 3185 901 3236 totidem
922 3186 1000 3240 Quom
1018 3188 1143 3246 surpem:
1167 3180 1237 3246 quod

132 3268 262 3316 Pnnrnrs
279 3277 373 3312 nurus.
407 3263 535 3324 Exempla
550 3260 667 3310 multain
706 3278 803 3312 verum.
836 3262 929 3310 Peter.
948 3260 1010 3315 Quoe
1019 3262 1142 3313 mutuatu
1158 3257 1237 3307 etiarn

133 3342 255 3393 Historia
265 3340 381 3400 Augusta
393 3337 514 3400 alibique.
533 3337 607 3386 Idem.
706 3330 781 3388 bene.
799 3338 996 3400 Pmmmeatpro
1004 3332 1238 3398 panderetJuniau.

167 3422 215 3466 989
233 3418 338 3465 nerana
350 3411 499 3476 Sycambriu]
524 3412 668 3474 Insignum
706 3415 743 3463 D.
757 3413 841 3463 Hans.

132 3494 253 3545 victoriae
279 3494 409 3541 Romanae.
443 3489 509 3537 Nam
535 3488 669 3551 Sycambri
738 3494 786 3540 494
803 3490 908 3538 lavacra
922 3486 1042 3548 Rhodani]
1051 3485 1130 3535 Prim.
1138 3482 1198 3532 Vat.
1208 3488 1238 3532 et

133 3568 248 3633 alioquin
272 3566 359 3629 magni
384 3563 549 3613 estimabant
575 3563 671 3612 comati
708 3565 845 3615 duodecim
857 3563 901 3613 alii
913 3563 1043 3611 Rmuaaa:
1061 3559 1149 3622 probe.
1174 3557 1239 3607 ΒΜ.

135 3660 203 3697 esse.
223 3645 313 3693 Barth.
706 3645 794 3691 donum
804 3640 962 3689 Pricaeanus.
980 3637 1052 3685 idem.

168 3728 217 3773 384
238 3724 306 3770 Laeta
321 3720 385 3768 subit
402 3719 501 3767 Romam
510 3716 602 3780 pinos]
620 3714 671 3764 Ad·
741 3715 868 3777 Rhodano]
887 3714 998 3763 Annona
1010 3710 1122 3760 Gallica.
1146 3707 1238 3757 Bana.

136 3808 229 3864 spectu
240 3801 323 3848 unicae
335 3813 387 3846 suaa
401 3811 471 3845 curae
489 3793 611 3855 Honorii,
623 3792 671 3841 rub
740 3797 789 3841 lot
808 3789 926 3854 Cinpsiis]
944 3787 1082 3837 Africanis.
1099 3786 1174 3833 Idem.

136 3877 260 3942 praesidio
270 3873 428 3923 Stilichonis.
445 3872 522 3920 Idem.
741 3871 790 3916 410
809 3867 926 3928 Tabraca]
938 3863 978 3912 Ad
986 3876 1060 3927 quarn
1068 3860 1144 3923 periit
1152 3855 1240 3908 Gildo.

170 3955 219 4000 999
244 3947 405 4010 Desenronte]
446 3945 500 3995 Per
526 3944 673 4006 intervalla,
710 3942 746 3991 Hi
757 3950 842 3991 autem
855 3948 909 3989 tres
927 3939 987 3988 libri
1006 3937 1108 4002 (utique
1120 3934 1188 3983 euim
1200 3938 1242 3982 tot

136 4027 277 4077 nonenim
297 4026 380 4074 adbuc
401 4029 442 4072 est
460 4021 532 4070 firma
544 4018 671 4069 defensio.
710 4017 838 4079 fuerunt),
860 4017 932 4064 velut
958 4014 991 4062 de
1012 4015 1190 4074 repraesenta
1212 4008 1240 4057 lu

137 4104 217 4154 Idem.
709 4110 787 4144 scena
808 4096 967 4158 loquuntur3
996 4096 1024 4139 et
1046 4102 1077 4137 eo
1107 4085 1158 4136 fine
1178 4092 1241 4136 arnt

169 4183 220 4230 488
245 4178 416 4242 Dominamque
435 4172 557 4238 sermm]
590 4171 673 4227 leoni
709 4170 813 4237 scripti,
828 4175 858 4220 ut
876 4175 957 4220 totam
967 4163 1088 4230 Eutropii
1097 4161 1241 4217 Historiam
