2700 4702
211 293 298 364 1302
432 304 542 359 uoru
564 307 767 359 vaeroauu
791 308 831 369 ru
855 308 915 358 or..
937 307 1079 378 onnon.
1103 309 1138 354 v.

211 432 361 488 tiemvenit
378 446 492 495 congrue
511 433 627 498 ejusdem
642 433 747 496 elegans
782 432 864 485 tbeb.
886 445 918 483 rr.
949 431 1036 482 ‘sedit
1063 430 1198 482 sententie
1226 429 1293 484 iratrir

211 508 388 575 Epigramma,
407 525 458 573 quo
471 509 521 559 ait:
539 510 630 559 ‘Grex
648 511 700 572 ugit
720 509 746 557 iu
783 507 1030 558 Pretcntarefidem
1042 508 1058 557 ι’
1076 508 1294 573 itascriptirpriu.

210 600 290 638 scena
311 586 425 648 mimum,
453 586 535 636 Pater
562 587 606 636 ille
630 593 747 647 vocatur,
783 585 1234 648 Vaticeu.pertentat,velpereretet.
1248 585 1296 634 Brr·
1335 613 1336 618 =

106 687 119 696 -
207 657 359 724 'arrianum
379 676 472 710 nomen
494 661 582 711 diuitis
603 662 646 710 ille
665 668 747 710 tenet.
784 661 853 709 tbius
869 667 997 724 presentat
1018 677 1058 710 me
1076 662 1179 711 inrito:
1197 659 1298 712 neeleli·

211 738 277 789 Mox
305 737 350 786 ubi
371 737 492 787 ridendas
521 736 624 786 inclusit
653 738 748 800 pagine
784 737 838 788 cius
850 740 926 800 pardo
942 746 1001 801 post
1015 737 1102 786 diribet
1111 742 1192 786 sontes
1203 738 1299 801 proditi·

210 814 328 879 partein
345 813 415 862 Vera
426 812 496 863 redit
507 813 748 877 facies,sssimilata
786 815 831 862 orit
843 813 932 876 reponi
945 815 1018 863 velit.
1051 813 1088 863 D.
1100 813 1191 862 Hera.

212 890 299 954 perit!
333 890 431 940 Eadem
449 891 517 940 euim
538 891 605 940 ratio
624 891 747 938 bonorum
817 893 866 938 479
881 889 990 939 Admota
1000 904 1056 939 mox
1064 889 1216 938 transmittit
1225 888 1304 939 seriem

212 973 241 1018 et
252 967 407 1031 dignitatum
418 968 583 1017 humanarum
594 974 643 1016 est.
665 967 700 1015 Et
711 965 748 1015 sic
779 963 881 1028 fratris]
897 966 936 1015 Aa
947 965 1023 1027 rigidi
1041 967 1156 1015 Luceres.
1175 971 1205 1013 et
1215 963 1305 1028 Gyrsld

214 1040 377 1104 fabulositas>
390 1045 558 1093 construitur.
574 1043 664 1092 Barth.
787 1042 890 1091 omuino
903 1043 1015 1092 rectius:
1027 1045 1059 1092 od
1069 1044 1248 1106 eoeoiqustuor
1257 1041 1306 1092 elii:
1342 1090 1344 1094 .

246 1124 296 1170 476
314 1119 435 1176 Quaesitor
452 1119 545 1182 Minos]
563 1120 605 1169 Ita
617 1119 749 1184 appellant
788 1119 819 1165 od
830 1118 885 1165 duri
896 1133 948 1166 sec.
965 1117 1088 1167 Vatican.
1106 1115 1215 1166 Thoan.
1225 1117 1307 1164 aduri

213 1195 306 1246 Poetae
327 1204 477 1246 exactorem
496 1197 567 1245 illum
591 1197 701 1260 rigidum
721 1201 748 1244 et
785 1207 842 1241 mox
859 1193 945 1244 mittit.
979 1193 1010 1242 In
1032 1192 1111 1256 prim.
1133 1190 1255 1241 vatican.
1275 1190 1308 1240 Ao

209 1269 321 1335 justum,
332 1273 364 1320 ad
377 1287 453 1335 quem
465 1273 551 1321 omnia
571 1273 749 1322 amortalibus
786 1269 849 1316 malo
867 1267 1165 1318 mox....trasrsrrrittit.1n
1184 1265 1309 1328 Oiseiieno,

214 1348 351 1397 commissa
373 1349 439 1410 sisti,
460 1355 487 1397 et
507 1350 589 1398 abeo
607 1349 750 1398 examinari
786 1344 994 1396 Admoloeiderit
1006 1345 1165 1395 transmotae.
1183 1342 1263 1393 Idem.

215 1422 401 1471 credebantur.
434 1423 527 1486 Virgil.
543 1425 588 1474 lib.
601 1438 641 1474 vr.
657 1425 750 1476 ‘Quae-
818 1419 932 1470 Adnsolo
942 1421 1050 1485 oeteo]
1074 1421 1240 1484 singularem
1250 1433 1309 1468 enee·

215 1495 280 1545 sitor
296 1497 382 1546 Minos
397 1513 486 1548 urnam
499 1499 602 1551 movet?
788 1497 855 1560 giam
871 1497 901 1545 rb
911 1499 974 1548 molo
991 1498 1042 1549 lroc
1062 1499 1115 1548 loci
1134 1497 1226 1560 babet,
1242 1493 1309 1545 infert

248 1571 279 1620 Is
288 1573 337 1621 olto
345 1573 417 1636 solio]
428 1575 493 1623 Tale
502 1575 615 1629 tribunal
623 1575 750 1626 asscribe·
788 1573 856 1622 euim
879 1574 1060 1625 crudelitatem
1081 1573 1214 1639 quendam
1231 1585 1308 1621 noceo·

215 1643 281 1695 bant
293 1646 386 1697 Minoi.
420 1650 506 1700 Minos
525 1656 611 1700 autem
629 1652 688 1701 ideo
705 1651 750 1700 ad·
790 1653 852 1709 tem,
874 1649 1021 1712 immanem,
1042 1654 1073 1698 et
1097 1655 1214 1699 astutam
1240 1645 1309 1695 simul.

215 1728 302 1770 motus
322 1723 399 1773 rebus
416 1732 474 1789 post
492 1735 610 1791 mortem,
631 1728 702 1793 quod
723 1729 749 1776 in
787 1723 831 1774 ste
853 1726 927 1775 malea
948 1726 1035 1774 Furiae
1052 1725 1124 1789 apud
1148 1724 1262 1774 Ηοιιὶ.ι
1279 1721 1309 1771 Ao

216 1796 438 1861 vitajustissimus
459 1801 516 1863 fuit,
530 1811 559 1852 et
577 1805 658 1868 ipsius
674 1803 749 1855 Joris
788 1813 839 1848 non
852 1807 914 1849 aute
927 1801 1002 1850 malis
1014 1800 1167 1849 dementem
1182 1802 1268 1846 actum
1281 1795 1309 1844 fu·

217 1874 345 1938 colloquio
367 1876 438 1940 leges
466 1879 599 1942 scripsisse
625 1878 751 1940 creditus,
788 1873 842 1936 riis,
852 1888 928 1938 quem
939 1874 970 1924 In
981 1871 1309 1938 matrisjugulot'erromte

216 1963 268 2000 non
276 1961 435 2017 accusatque
445 1955 546 2017 Egeriae
555 1956 649 2004 Numa.
661 1955 751 2004 Bortlr.
789 1949 1022 2014 pefecitaeutum!
1050 1951 1087 2000 Et
1104 1951 1199 1999 ‘melae
1210 1947 1273 1998 Orci
1282 1955 1310 1997 te

252 2025 374 2081 Quaesitor
384 2029 410 2078 io
421 2031 470 2078 olto
489 2029 583 2093 Minos]
617 2031 752 2086 Quaestores
773 2025 889 2079 ,nelrrae'
908 2025 976 2090 apud
989 2025 1130 2081 Catullum·
1147 2024 1239 2076 ΒΜ·

216 2103 316 2166 parnei,
325 2105 366 2152 vel
374 2105 501 2167 parricidi,
512 2111 543 2154 nt
555 2107 612 2155 rrrlt
622 2106 691 2154 Fest.
702 2105 750 2153 lib.
820 2106 870 2151 480
886 2101 989 2165 &pomi
1009 2093 1145 2164 Curriculi]
1171 2101 1310 2165 Sapieutun

219 2190 265 2227 xv.
274 2178 540 2245 dicebantur,‘penee
550 2196 614 2246 quos
624 2187 752 2231 ouraerat
789 2177 845 2226 vila
870 2177 981 2226 humane
1001 2176 1117 2226 mulceto
1147 2182 1311 2240 comparetur,

219 2254 335 2303 criminis
353 2257 514 2306 examinandi
524 2257 540 2306 ;’
566 2257 644 2306 iidem
658 2258 752 2306 mm.
789 2253 869 2301 sacris
881 2253 1041 2316 potissimum
1052 2252 1147 2317 literis.
1179 2252 1312 2312 Juvenalir,

218 2330 267 2377 oiri
277 2332 390 2392 capitales
406 2331 452 2396 (de
470 2346 577 2395 quorum
590 2331 752 2381 institutione
791 2328 877 2392 Satyr.
893 2341 933 2378 rx.
955 2325 1078 2376 ‘festinat
1096 2328 1168 2378 enim
1186 2328 1313 2377 decurrere

219 2404 323 2453 Decad.
334 2419 353 2452 1.
372 2404 417 2455 lib.
430 2403 462 2469 1.)
479 2405 609 2455 scribente
624 2405 753 2470 Varrone,
790 2405 867 2454 uelox
886 2405 1028 2466 Flosculus,
1047 2404 1153 2468 exiguas
1173 2404 1314 2468 misereque

219 2478 238 2529 l.
250 2491 286 2529 ιι.
296 2478 328 2526 de
339 2479 402 2541 ling.
414 2481 472 2529 Lat.
481 2480 527 2529 sed
536 2487 563 2529 et
574 2485 700 2544 quaestores
711 2483 752 2531 vel
791 2481 943 2530 brevissime
980 2480 1043 2530 vite
1076 2479 1189 2531 Portio.'
1233 2479 1314 2543 Virgil

220 2553 356 2616 quesitores
366 2555 518 2618 simpliciter
527 2558 583 2606 vult
592 2558 680 2608 vocari
688 2573 754 2622 prae·
790 2557 878 2620 ‘Vixi,
888 2563 926 2620 et,
945 2571 1020 2622 quem
1030 2555 1258 2606 dederat-cursum
1275 2554 1315 2605 ior·

222 2629 320 2693 positos
332 2637 360 2679 et
373 2638 475 2681 actores
490 2633 659 2696 judiciorum.
692 2634 756 2686 Isid.
792 2639 865 2696 tuna,
876 2633 982 2698 peregi!
1000 2635 1073 2684 Idem.

220 2704 755 2772 libuxvrrr.c.15.Seoec.Herc.Funact.
825 2713 873 2758 481
892 2711 1044 2773 Prospexerit
1064 2707 1144 2772 actes]
1184 2709 1247 2758 Nou
1272 2723 1318 2772 pro

220 2793 265 2831 ru.
289 2797 325 2831 sc.
342 2787 367 2834 2.
389 2789 417 2832 et
440 2785 512 2836 Serv.
533 2784 567 2834 ad
589 2785 692 2837 AEneid.
715 2800 755 2837 rr.
792 2786 897 2849 spexerit
919 2787 1038 2835 meliores
1058 2785 1130 2848 libri,
1159 2793 1266 2835 etcum
1291 2785 1316 2833 iis

216 2855 371 2910 ‘Quaesitor
405 2859 493 2909 Minos
526 2874 617 2910 urnam
649 2856 756 2912 movet!
794 2860 930 2911 Bsrthius.
946 2860 981 2912 D.
992 2861 1080 2912 Hans.

222 2933 335 2997 Dempst.
824 2941 873 2986 482
893 2936 1018 3000 Ferurom]
1035 2935 1227 3000 Μετσμψύχωσιι
1242 2936 1320 2986 inbel-

255 3009 308 3060 Qui
333 3010 456 3074 quaesitor
477 3024 525 3073 pro
547 3012 680 3076 tribunali,
702 3014 756 3064 alto
793 3012 1087 3076 lussbominum,bodie
1101 3028 1208 3078 quoque
1220 3012 1320 3074 creditu,

222 3083 418 3148 editoqueioco
433 3086 552 3149 sedebat,
567 3088 672 3151 judices
693 3104 755 3139 uero
793 3094 822 3138 et
842 3089 1074 3152 Pythagoreorum
1091 3089 1150 3138 haec
1169 3089 1199 3138 iu
1217 3088 1319 3152 speciem

223 3160 301 3224 paulo
310 3159 429 3224 inferius,
437 3161 615 3213 humilioribus
625 3165 651 3214 in
658 3165 756 3215 subsel-
794 3170 895 3214 tantum
907 3164 1026 3216 doctrina
1036 3170 1102 3228 erat,
1121 3166 1172 3215 sub
1190 3166 1320 3230 enigmate

220 3234 271 3284 liis.
288 3234 383 3284 Detrio.
794 3242 867 3290 velut
878 3242 973 3290 docens
991 3242 1053 3306 quid
1071 3247 1209 3292 mereatur
1220 3242 1277 3291 rita
1287 3254 1321 3289 uo·

257 3313 306 3359 477
324 3310 453 3360 Pertentat
471 3313 573 3363 crimine
592 3315 685 3379 Minoe]
707 3317 756 3366 Mi·
793 3317 936 3381 luptatibus
956 3316 1033 3368 foedis
1051 3327 1131 3383 atque
1150 3318 1274 3382 belluinis
1285 3318 1321 3366 ds·

222 3384 396 3435 noimeutem
414 3387 523 3451 primum
543 3389 691 3443 decernere
711 3393 755 3442 bo·
794 3393 859 3455 dita,
871 3401 900 3442 ut
920 3396 992 3444 clere
1010 3393 1126 3445 ridemus
1147 3394 1220 3458 apud
1239 3395 1321 3443 Hiero·

223 3477 270 3512 uos
287 3477 303 3513 e
319 3464 392 3517 malis
404 3464 451 3527 ait,
469 3465 564 3516 deiude
581 3467 657 3517 alieri
671 3468 756 3532 judici
793 3469 870 3532 clem,
885 3484 944 3533 cap.
954 3474 995 3521 ot.
1014 3483 1152 3519 aureorum
1165 3471 1322 3520 Commentt·

223 3552 268 3589 eos
279 3538 411 3589 destinari.
793 3545 890 3594 riorum
901 3547 927 3595 in
940 3545 1156 3596 aureaCarmiue.
1173 3548 1210 3596 Et
1219 3545 1321 3596 deflexio

257 3617 384 3666 Portentat
395 3617 497 3667 crimino
508 3617 599 3682 Minos]
623 3620 756 3669 Praetentot
794 3620 827 3670 ab
845 3621 985 3673 nobilitate
996 3622 1087 3672 animae
1107 3622 1154 3672 illo
1168 3631 1211 3674 est
1221 3623 1323 3689 quebo-

225 3701 337 3759 quatuor
345 3696 451 3760 scripti:
469 3696 757 3762 iroeest‚priosteutst‚
793 3697 1059 3749 minussocitbelloas.
1069 3697 1200 3750 Arrianus
1208 3698 1323 3764 Epicteti,

222 3770 267 3821 lib.
288 3786 309 3822 1.
331 3772 358 3820 iu
382 3773 509 3836 Eutrop.‘
530 3774 593 3824 saevi
614 3778 756 3836 praetentas
794 3774 838 3824 lib.
847 3789 867 3824 ι.
879 3789 938 3838 rep.
949 3779 973 3825 ³.
990 3774 1080 3825 Burtlr.

222 3845 333 3897 Pallada
359 3849 471 3914 campi,'
506 3864 564 3899 curn
591 3850 756 3900 membranis.
825 3866 875 3911 483
896 3861 981 3912 Vincla
999 3861 1064 3924 pati]
1081 3861 1213 3927 Corpora,
1236 3862 1322 3927 quibus

224 3921 300 3972 0⁰⁰³·
319 3923 419 3974 H⁰¹¹⁰¹·
437 3936 480 3974 ¹¹¹·
504 3925 680 3989 ‘Dllcaeflqlle
701 3926 757 3975 tela
793 3937 1324 4002 illiganturvelutauimreetimpediuutur

224 3998 325 4049 solebat
336 4000 499 4051 Praetentate
514 4000 585 4063 feris,
604 4001 663 4050 olim
675 4001 756 4052 domi·
795 4013 828 4061 ab
839 4011 984 4062 actionibus
1002 4011 1114 4077 puritati
1127 4019 1157 4064 et
1168 4015 1267 4066 rationi
1278 4029 1323 4066 sue

224 4076 285 4122 tura
313 4074 460 4140 gigantasr'
488 4084 516 4128 et
535 4091 573 4128 lv.
593 4078 680 4143 ‘toan
694 4085 755 4130 aule
794 4087 1015 4138 convenientibus.
1062 4089 1192 4153 Virgilius
1221 4091 1322 4143 Getice:

225 4147 384 4211 profundum
395 4152 674 4219 PretenretsonipesJ
689 4154 754 4208 Stet.
794 4161 897 4216 ‘Minos
907 4164 1325 4230 comelereupiesoemitriu·

803 4370 811 4399 ⁴.
874 4389 879 4395 .

781 4354 880 4547 Q

796 4502 804 4515 ι

802 4524 813 4545 ‚¹

824 4556 858 4579 ,Ὶ

838 4590 850 4617 ,ι
