2700 4702
176 279 287 372 Ι1254
375 319 484 370 norun
508 285 719 369 vantonnu
736 319 776 368 ur
802 320 864 368 cm
883 319 1022 368 cuiun.
1045 320 1106 369 ιιι.

194 475 245 512 uno
264 462 499 524 locolamentatnr,
516 464 656 512 acerrimus
671 462 726 525 ejus
763 468 829 510 trem
841 461 949 511 inducit.
981 463 1056 512 Iden.
1132 482 1153 495 ¹-
1230 487 1234 493 ·
1266 497 1276 502 -·

193 538 285 599 bostis,
298 539 404 588 Seneca.
439 539 527 587 Bortlt.
797 543 845 587 248
872 538 928 587 lbnt
946 542 1088 598 grandevus
1107 543 1166 588 ants
1185 539 1285 592 nonen

228 619 277 664 243
295 614 378 678 Effera
389 614 537 677 torquebant]
550 615 648 678 Supra:
665 614 728 663 ‘Ei-
764 615 891 677 superstes]
915 616 1146 664 sceleratissimum
1157 618 1304 678 ,incertum

196 689 252 741 fera
271 691 426 754 praetumido
443 692 576 754 quatiebat
594 692 674 741 corda
688 690 739 739 fu·
767 699 923 753 nuntiatura,
942 701 994 740 tum
1005 692 1064 741 ideo
1082 694 1163 741 etiam
1175 694 1305 743 rebantur·

196 768 275 817 rore?
306 768 366 818 Jam
378 782 439 816 vero
450 769 584 816 avaritiam
596 769 674 817 etiam
686 783 729 816 cu·
767 769 883 830 Romam,
903 768 971 832 quod
983 769 1099 816 ordinem
1115 767 1230 819 t'atorrrm
1242 783 1296 817 mm

197 845 310 895 mrrlarat
327 843 483 892 crudelitate
495 851 522 893 et
535 845 665 907 sanguinis
676 845 729 893 siti.
768 843 897 904 facerent,
917 851 945 892 nt
965 853 1037 906 pater
1057 845 1113 892 siue
1137 846 1250 893 turbatis
1269 845 1298 892 iis

198 919 272 968 Idem.
768 935 819 969 nou
830 929 916 983 posset
924 928 985 968 aute
995 919 1075 968 tilium
1085 921 1175 980 obire3
1192 933 1298 984 eumque

200 1000 264 1046 244
276 995 400 1059 Effugeret
411 996 499 1057 aequis
507 998 610 1059 gladios]
620 996 730 1045 Gladius
767 999 872 1044 ordinem
890 997 993 1057 turbari,
1013 995 1178 1057 superiorum
1201 1009 1298 1061 sunnin

198 1070 331 1124 elferrum
344 1072 411 1119 idem
425 1071 492 1133 aprrd
501 1072 549 1122 JC.
564 1075 591 1122 L.
600 1088 675 1120 nemo
687 1087 731 1135 po·
770 1074 863 1121 nednm
875 1074 1003 1122 bominum
1014 1074 1112 1122 crimen
1127 1073 1299 1136 appellabant.-

199 1157 261 1200 test.
272 1148 298 1198 ff.
309 1149 342 1198 de
355 1150 418 1211 Reg.
434 1149 490 1199 Jnr.
500 1151 580 1214 etqui
592 1151 623 1198 ad
636 1151 731 1200 ferrum
770 1150 905 1211 Papinius,
914 1150 932 1198 l.
945 1165 971 1198 v.
980 1150 1112 1213 sylvano.
1125 1150 1132 1176 ‘
1143 1149 1300 1198 Nonnebor·

200 1225 349 1285 damnatur,
360 1224 392 1272 ad
404 1226 517 1286 gladium
537 1226 651 1273 damnari
670 1226 732 1274 dici·
771 1227 841 1274 ridus
849 1227 918 1289 ipsos
928 1226 1029 1275 luridis
1038 1239 1147 1287 superos
1159 1226 1308 1288 injustaque.

200 1307 264 1349 tur:
287 1301 385 1348 Pardus
398 1301 443 1348 lib.
463 1315 488 1349 v.
506 1308 572 1349 sent.
587 1302 627 1349 tit.
646 1305 685 1350 tr.
706 1308 734 1349 et
771 1304 881 1351 Tartara
899 1303 1012 1364 pulsem?
1039 1302 1132 1351 Nonne
1152 1307 1300 1364 gemente,

201 1375 310 1438 ‘gladio
329 1375 432 1437 puniri!
444 1375 460 1424 i.
471 1376 578 1438 capitali
597 1383 733 1426 sententia.
773 1393 831 1427 carc
841 1378 928 1440 pueri*
953 1379 1027 1426 Idem.

202 1453 232 1502 L
244 1455 289 1498 aut
300 1449 428 1498 damnum.
448 1451 530 1514 princ.
549 1450 575 1500 ff.
591 1453 623 1499 de
645 1453 735 1514 poeuis.
805 1459 854 1503 249
872 1455 931 1501 Post
950 1452 1043 1500 trudeus
1058 1453 1127 1514 exul]
1153 1451 1302 1500 Consulares

202 1526 406 1579 Salvian.l.vu.
430 1527 536 1588 ‘gladio
548 1528 735 1589 impudicitiam
774 1531 843 1578 viros
870 1529 896 1576 in
923 1528 1026 1576 exilium
1050 1528 1139 1588 pulsos
1161 1527 1235 1585 dicit,
1258 1538 1302 1573 nec

203 1615 328 1650 exercere
337 1601 354 1648 :'
372 1617 428 1664 quae
439 1603 517 1651 verba
528 1611 587 1651 sunt
604 1606 632 1652 L.
650 1619 736 1668 quam-
775 1619 853 1653 rrnrrm
865 1604 992 1667 aliquem3
1010 1609 1054 1650 aut
1066 1602 1098 1649 de
1116 1602 1204 1650 Poe'ta
1215 1600 1302 1650 veritas

204 1679 243 1726 vis
260 1683 285 1726 2.
304 1680 333 1727 C.
349 1679 381 1727 ad
399 1679 484 1741 legem
504 1679 600 1729 Juliaru
618 1680 649 1728 de
667 1680 737 1728 adul·
777 1680 909 1728 Historica
921 1679 1048 1740 exigenda
1066 1679 1092 1726 in
1113 1679 1190 1726 nnius
1203 1677 1302 1741 alicujus

204 1755 292 1806 teriia:
307 1770 390 1819 neque
411 1756 538 1803 omiserim
549 1756 738 1818 ignominiosio·
775 1770 894 1819 persona.
939 1756 1035 1804 Omnes
1055 1754 1173 1813 ordines,
1193 1754 1301 1813 honores,

206 1846 261 1880 rem
286 1838 313 1879 ct
335 1831 478 1893 graviorem
502 1846 603 1892 poenam
634 1832 740 1893 sectaris,
776 1832 862 1880 omnia
869 1831 940 1894 jura,
952 1832 1036 1878 omnia
1055 1829 1172 1892 denique
1188 1829 1307 1877 divinant
1345 1886 1348 1897 Ι

204 1906 328 1955 leviorem
339 1906 432 1968 gladii:
446 1920 523 1969 quare
534 1907 677 1966 Caracalla,
688 1907 738 1954 Pa·
776 1908 885 1954 birunnun
895 1904 1061 1953 conturbasse
1068 1904 1210 1953 avaritiam
1220 1909 1247 1952 et
1254 1915 1301 1951 cru·

207 1983 311 2045 piniano
324 1982 408 2031 securi
420 1997 550 2044 percusso,
567 1982 654 2030 lictori
664 1983 741 2043 dixit,
778 1981 910 2029 delitatem
924 1978 1010 2026 Rufini
1022 1978 1164 2028 declamat.

207 2061 215 2086 ‘
230 2058 315 2120 gladio
327 2073 410 2107 merim
420 2059 521 2120 jussum
533 2059 625 2121 exequi
638 2068 741 2121 oporte·
810 2058 869 2104 Post
879 2056 983 2118 trabeas]
1010 2054 1160 2104 Defunctus
1172 2055 1308 2105 consulatu.-

208 2133 272 2187 bnt!
290 2135 417 2197 Spartian.
429 2135 455 2181 in
468 2149 498 2182 eo
510 2140 537 2183 et
548 2134 573 2181 iu
583 2135 660 2183 Geta.
673 2134 741 2182 Vide
777 2132 881 2180 Trabea
893 2133 972 2179 vestis
985 2146 1073 2194 regum
1094 2133 1176 2193 Latii,
1188 2138 1248 2180 ante
1263 2132 1303 2180 llos

208 2208 330 2271 Juvenal.
342 2210 397 2259 Sat.
408 2223 470 2258 vru.
491 2209 557 2257 tine:
582 2217 609 2257 et
624 2210 695 2258 Serv.
708 2210 741 2258 ad
778 2223 846 2258 mam
868 2207 1009 2256 conditum.
1047 2207 1115 2267 Pici,
1139 2207 1242 2256 AEneid.
1262 2218 1304 2253 vu,

210 2299 249 2333 vt.
260 2285 361 2334 AEncid.
374 2286 540 2348 ‘Saevnmque
551 2286 634 2333 securi
645 2286 742 2349 Aspice
778 2289 785 2314 ‘
800 2300 932 2348 parvaque
957 2284 1066 2333 sedebat
1087 2286 1243 2334 Succinctus
1262 2289 1305 2331 tra·

208 2360 387 2423 Torquatum!
411 2361 523 2422 Dempst.
780 2360 854 2410 bea:’
882 2370 974 2423 postea
993 2377 1008 2408 a
1026 2362 1136 2409 Romulo
1154 2368 1271 2423 recepta,
1284 2363 1305 2405 et

253 2437 293 2483 Ne
310 2438 419 2498 perderet
438 2437 522 2498 ullum]
547 2437 681 2501 Tanquam
708 2437 745 2485 lu·
781 2439 814 2486 ad
834 2439 897 2485 alios
918 2438 1073 2487 transmissa.
1090 2438 1153 2487 lsid.
1170 2451 1229 2486 xrx.
1240 2452 1262 2484 c.
1272 2439 1305 2484 24.

211 2525 283 2558 crum
306 2511 409 2574 aliquod
429 2513 455 2559 iu
479 2512 579 2560 caedum
597 2513 744 2574 patratione
782 2513 1041 2563 Pliu.l.v1u.c.1l8.
1059 2514 1187 2561 ‘Trabcis
1203 2527 1260 2561 usos
1274 2525 1308 2559 sc·

211 2588 318 2637 habeus.
361 2589 404 2637 Ita
420 2592 534 2651 perdendi
553 2591 631 2638 verbo
649 2591 744 2652 saepius
783 2588 852 2649 cipio
873 2589 964 2651 reges!
987 2590 1085 2648 Tertio,
1099 2590 1217 2652 equitum
1234 2594 1308 2651 gesta·

212 2671 320 2713 utuntur
338 2666 430 2727 optimi
447 2667 597 2728 scriptores.
638 2666 746 2727 Statius,
783 2677 850 2712 men.
867 2664 954 2711 Valet.
973 2664 1046 2710 Max.
1068 2665 1129 2712 l.11.
1148 2677 1173 2711 c.
1190 2667 1215 2710 2.
1237 2663 1309 2710 Mart.

211 2739 229 2789 l.
241 2752 266 2788 r.
279 2740 339 2788 silv.
365 2741 372 2767 ‘
385 2753 417 2788 ne
430 2740 553 2802 perderet
567 2742 646 2789 ullum
658 2742 746 2789 Liber·
784 2740 800 2787 l.
812 2753 837 2787 v.
850 2739 900 2800 Ep.
911 2743 951 2786 42.
968 2738 1027 2786 ideo
1045 2739 1158 2801 equites,
1177 2740 1185 2766 ‘
1199 2737 1310 2786 trabeata

212 2822 253 2864 tas
264 2823 316 2864 taut
327 2830 407 2879 parva
425 2815 510 2865 diem!
544 2816 628 2864 Libido
639 2831 689 2865 nou
702 2817 748 2864 mi·
785 2813 903 2875 agmina‚'
922 2813 999 2862 dicta.
1029 2816 1097 2863 Stat.
1116 2815 1162 2862 lib.
1182 2828 1220 2862 ιν.
1238 2815 1309 2862 sun.

212 2904 261 2940 nus
283 2892 308 2939 iu
325 2892 440 2940 caedibus
451 2900 491 2939 est
503 2906 580 2955 quatu
598 2892 691 2954 opibus
703 2899 747 2940 aut
785 2889 859 2937 ldcm
871 2889 918 2936 lib.
931 2903 958 2937 v.
969 2890 1015 2939 Sil.
1029 2895 1054 2939 2.
1070 2891 1176 2954 ‘neque
1196 2891 1311 2952 sanguine

214 2967 360 3028 uoluptate.
405 2964 553 3014 Arnobius:
581 2966 748 3015 ‘libidinose
786 2965 1161 3029 certus'l'urmali,trabeaque
1175 2968 1249 3015 Remi
1260 2966 1312 3014 z’sic

214 3041 324 3090 hominis
336 3041 459 3089 inhiatum
472 3049 513 3088 est
524 3041 628 3105 cruoris
786 3041 854 3088 enim
866 3040 1003 3102 legendnm
1012 3041 1123 3090 docuere
1134 3042 1184 3089 viri
1196 3042 1280 3091 docti:
1291 3045 1313 3088 et

247 3119 294 3163 245
312 3114 432 3175 Angusto]
449 3113 583 3163 Arcadios
606 3151 609 3157 ‚
786 3117 1023 3166 detrausvections
1041 3118 1168 3180 equitum,
1180 3119 1256 3167 Pers.
1266 3118 1313 3166 Sat.

230 3189 509 3251 ,Noaflectitnrnnnisr
527 3191 582 3238 Non
593 3191 750 3254 retutelulmt]
787 3207 831 3242 111.
857 3195 1069 3258 ‘censoremque
1089 3203 1172 3256 tunm,
1189 3210 1265 3259 quern
1284 3202 1315 3249 tu,

215 3265 310 3328 Neque
318 3265 430 3327 juventa
449 3279 533 3330 neque
551 3274 657 3317 senecta
670 3275 750 3318 aetatc
787 3268 925 3326 Trabeatc,
936 3269 1049 3317 salutas'
1060 3271 1172 3331 Quarto,
1185 3273 1316 3320 Consulum

216 3338 448 3405 furor-cadisque
480 3341 589 3392 aviditas
622 3352 749 3392 movetur.
787 3346 875 3394 vestis.
908 3344 1005 3394 Ausou.
1034 3347 1059 3393 in
1089 3347 1235 3398 Consulatu
1259 3362 1314 3397 suo:

218 3415 307 3465 Bortlt.
620 3411 629 3434 ²
745 3446 747 3451 <
787 3421 921 3468 ‘trabeam
934 3435 983 3468 uon
1003 3422 1083 3484 magis
1103 3436 1237 3485 amoeno,
1249 3437 1316 3488 qnam

250 3495 300 3541 247
316 3493 380 3541 Ante
389 3500 484 3556 potrum
495 3495 585 3556 nultus]
603 3495 660 3545 Hoc
672 3496 751 3544 maxi·
788 3511 894 3545 munere
906 3505 960 3557 tuo,
975 3497 1166 3558 splendidam:'
1183 3506 1273 3548 noster
1289 3498 1316 3546 de

218 3582 287 3620 mum
299 3569 461 3619 crudelitatis
476 3571 624 3633 exemplum
635 3572 751 3634 Virgilia·
789 3573 867 3620 tertio
888 3572 988 3621 Honor.
1006 3573 1149 3622 Consulatu
1169 3575 1253 3637 princ.
1266 3576 1280 3622 l.
1293 3587 1318 3621 ru

219 3659 267 3693 nus
288 3644 407 3694 Priamus
421 3645 476 3708 jam
497 3647 636 3695 moriturus
648 3662 698 3695 non
715 3654 752 3696 tn·
790 3650 822 3696 de
842 3648 939 3698 laudib.
961 3649 1059 3697 Stilicln.
1081 3650 1258 3699 ‘lumimeras
1276 3658 1319 3698 lra-

218 3736 278 3769 men
300 3721 426 3769 abstinuit
452 3723 553 3785 Pyrrho
577 3725 750 3786 exprobrare:
789 3725 1017 3786 bearunniusiguia
1034 3730 1118 3773 terras
1139 3726 1270 3775 Certatim
1282 3740 1319 3788 pe-

219 3795 292 3844 ‘Dii
323 3796 411 3845 debita
433 3798 543 3846 reddant
568 3800 688 3862 Praemia,
709 3802 752 3864 qui
790 3801 856 3849 tierc
869 3799 932 3849 tibi?
950 3799 972 3847 l.
985 3800 1014 3848 L.
1025 3799 1050 3846 in
1063 3801 1174 3861 Eutrop.
1191 3801 1321 3851 ‘Flabella

220 3868 530 3921 natlcorsmmecernere
542 3876 639 3924 lethum
651 3877 754 3939 Fecisti,
791 3875 876 3939 perosi
896 3875 1020 3939 Aspiraut
1040 3875 1156 3936 trabeis,'
1176 3875 1202 3924 id
1224 3883 1274 3937 est,
1293 3874 1322 3925 ud

221 3954 251 3998 et
267 3949 365 4011 patrios
387 3949 488 3998 foedasti
508 3953 631 4013 sanguiue
651 3952 754 4002 vultus)
792 3952 970 4000 Consulatum.
993 3948 1073 3999 Adde
1081 3965 1173 3998 aurum
1183 3951 1281 4001 trabeis
1291 3951 1323 4000 in·

223 4023 278 4083 Ubi
304 4026 469 4074 atrocitatem
497 4028 608 4074 maxime
625 4028 755 4090 exprimit,
793 4033 944 4076 tertexturn.
978 4025 1076 4074 Arrsou.
1095 4027 1175 4088 epist.
1187 4041 1276 4079 mn.
1294 4027 1323 4077 sd

221 4097 301 4160 quod,
314 4099 468 4149 observante
482 4101 581 4163 Servio,
592 4115 643 4149 nou
661 4101 693 4150 de
705 4117 756 4151 cae·
793 4101 946 4150 Paulinum:
964 4102 1045 4162 ‘quos
1057 4115 1134 4150 sacra
1147 4102 1255 4153 Quirini
1267 4105 1327 4152 Pur·

224 4172 258 4220 de
269 4173 317 4223 sed
333 4173 367 4226 de
377 4178 527 4243 spectaculo
537 4182 690 4241 querentem
707 4178 758 4228 Pa·
795 4182 1008 4242 puraetauratre
1029 4177 1127 4228 trabere
1142 4179 1328 4232 velavitamic·
