2700 4702
196 306 284 377 1094
535 326 593 378 ou.
617 323 832 376 ousoorsru
857 326 965 378 xuvt.

197 471 339 556 Reptat,
355 476 388 536 et
401 472 522 537 attritis
537 473 598 537 vix
612 473 770 554 languida
786 474 891 556 serpit
905 474 1023 538 arenis.

196 573 264 638 Sed
278 575 367 639 latus
382 575 522 639 armavit
537 574 645 656 gelido
660 581 780 639 natura
794 595 924 639 veneno
937 595 946 655 3
996 567 999 574 ’

196 670 242 740 Et
254 675 372 757 friguS,
388 695 457 758 quo
474 682 593 741 cuneta
606 678 710 758 rigent
721 677 880 756 animata,
894 677 1048 742 medullis

196 774 354 855 Miscuit,
371 784 405 841 et
418 780 569 862 proprias
581 779 719 862 hyemes
735 783 941 863 perviscera
955 779 1061 843 duxit.
1095 855 1098 860 p

198 876 363 943 Naturam
374 878 472 962 juvat
484 880 564 963 ipsa
578 880 678 958 dolis,
695 886 727 943 et
742 882 881 945 conscia
895 881 995 945 sortis

197 977 313 1045 Utitur
326 981 471 1062 ingenio,
486 982 649 1065 longeque
664 985 801 1047 extenta
816 1003 874 1067 per
889 984 984 1065 algas

196 1080 277 1146 Hac
292 1081 422 1147 confisa
430 1084 540 1166 jacet:
564 1103 724 1148 successu
738 1085 819 1148 laeta
833 1085 984 1166 resurgit,

197 1183 243 1247 Et
255 1185 354 1248 vivos
369 1184 502 1268 impune
515 1184 609 1249 ferox
624 1184 818 1268 depascitur
833 1189 933 1249 artus.

198 1284 235 1349 Si
249 1285 384 1368 quando
398 1286 519 1350 vestita
534 1285 621 1350 cibis
632 1286 797 1350 incautior
811 1305 880 1350 aera

199 1383 375 1465 Hauserit,
389 1390 422 1450 et
436 1389 548 1451 curvis
563 1387 700 1451 fraenari
714 1388 857 1452 senserit
870 1385 998 1467 hamis3

198 1483 280 1549 Non
294 1486 385 1565 furit,
401 1494 457 1552 aut
470 1507 556 1552 vano
573 1493 710 1553 conattu
726 1488 850 1554 uellere
862 1506 992 1551 morsu:

200 1708 224 1754 et
234 1705 298 1752 iente
308 1703 351 1752 sis
361 1703 438 1752 truiit
448 1717 476 1753 se
486 1703 564 1753 ureris
571 1703 666 1765 pressis⁸
699 1702 735 1753 Ar
745 1707 832 1752 sutura
841 1701 960 1752 instruxit
968 1703 1032 1750 tutus
1040 1700 1097 1764 ejus
1107 1699 1305 1762 ueneuosrigido,

200 1773 225 1817 et
235 1768 328 1816 addidit
338 1769 447 1817 medullis
456 1769 568 1829 glaciem,
586 1783 631 1830 quo
642 1768 754 1816 uuirudic
764 1769 843 1816 omnic
853 1772 955 1829 torpent,
966 1771 989 1814 et
999 1766 1050 1828 egit
1058 1779 1102 1828 per
1112 1769 1169 1813 extu
1180 1765 1239 1826 ejus
1249 1765 1304 1828 lipe-

200 1846 260 1881 mem
277 1847 351 1881 emm.
384 1832 440 1907 lpse
458 1831 583 1894 Torpedo
602 1832 699 1891 adium
708 1837 818 1882 suturam
841 1831 937 1880 insidiis
953 1830 1015 1891 suis,
1032 1834 1056 1879 et
1073 1843 1213 1890 renoscens
1223 1827 1307 1888 sutum

201 1910 285 1958 suum,
298 1896 415 1958 impendit
432 1897 552 1957 ingenium
563 1910 645 1957 sutum,
661 1901 685 1944 et
701 1901 811 1958 porrecta
821 1897 868 1945 lute
875 1911 920 1958 per
935 1910 1039 1944 muscum
1055 1894 1193 1955 marinum,
1210 1890 1306 1942 recubat

199 1959 316 2025 confideris
326 1961 402 2011 tuetui
412 1975 458 2009 suo
468 1975 474 2008 :
486 1966 514 2008 st
521 1961 626 2021 gauderes
635 1975 738 2008 successu
750 1961 879 2020 excitatur,
889 1964 913 2009 et
924 1961 1026 2008 crudelis
1036 1960 1132 2007 devoret
1144 1962 1196 2006 tuto
1208 1970 1304 2020 corpore

199 2025 304 2074 triremis
314 2024 432 2087 piscium.
466 2024 494 2073 Si
505 2025 630 2087 uipuoudo
645 2025 815 2086 imprudentior
826 2024 972 2073 exsorluerit
987 2023 1089 2072 humum
1100 2037 1187 2071 ereum
1202 2022 1306 2071 ductum

201 2096 262 2153 esu,
281 2089 413 2139 deriserit
424 2102 452 2138 ss
463 2089 539 2138 teneri
550 2089 627 2138 tremis
644 2090 756 2154 curuato,
774 2089 838 2137 trud
848 2087 945 2151 effugit,
966 2092 1007 2137 out
1019 2092 1095 2136 trutut
1107 2087 1207 2136 cudere
1218 2088 1305 2136 hamos

200 2329 309 2378 Salmas.
322 2329 354 2377 ud
368 2329 439 2378 Hist.
451 2328 519 2392 Aug.
532 2344 559 2393 p.
568 2328 683 2379 29³!-e
700 2331 726 2378 in
736 2330 847 2379 attritum
858 2346 881 2379 o.
893 2329 909 2379 l.
920 2330 1006 2393 serpsit
1024 2328 1084 2378 Pu.
1102 2327 1206 2388 fortune
1221 2341 1305 2376 senem

199 2393 264 2442 Vat.
277 2398 340 2441 tart.
358 2393 527 2443 morena-o
542 2392 645 2442 merum
663 2394 744 2454 rigent
763 2395 920 2456 conjiciebat
938 2395 1030 2443 Heius.
1046 2397 1153 2443 armentu
1164 2390 1256 2442 Ambr.
1267 2405 1304 2455 pr.

200 2455 295 2506 Sched.
307 2456 376 2506 Gud.
393 2462 486 2506 urruutu
498 2471 587 2506 omnes
604 2458 677 2507 vett.
689 2457 771 2506 Heln.
782 2460 840 2507 Pul.
852 2459 925 2508 Rott.
943 2458 1025 2508 Oisel.
1038 2458 1123 2508 Oxou.
1134 2461 1236 2506 sec-7
1250 2470 1305 2518 pro·

197 2535 271 2585 perus
280 2535 328 2584 pro
336 2521 446 2584 proprius
456 2521 562 2584 legebat
576 2521 714 2573 Heius-8
739 2537 785 2572 nou
796 2537 843 2586 pro
856 2523 928 2583 juvet
939 2522 1039 2571 Baslid.
1059 2521 1125 2582 jusit
1136 2520 1188 2570 duo
1200 2519 1306 2570 Med.-

201 2589 219 2634 9
236 2585 339 2648 Impedit
351 2599 398 2647 pro
413 2586 498 2634 Utitur
508 2585 608 2634 Buslid.
625 2586 711 2634 Uritur
722 2586 772 2635 duo
783 2586 855 2636 Med.
869 2587 931 2637 Put.
948 2589 1016 2649 longe
1026 2588 1128 2636 distata
1140 2585 1216 2634 Rott.
1234 2585 1306 2633 sirim

200 2649 512 2713 prorueremus-1⁰
529 2650 766 2714 Huecoufisojueet
787 2652 902 2701 Florent.
927 2653 1000 2700 Turtu
1012 2650 1139 2715 flsujueet
1159 2647 1243 2697 Hufu.
1270 2647 1305 2696 Ae

200 2714 358 2780 eorrfisujueet
365 2714 427 2764 Vati
437 2720 499 2763 tert.
510 2715 582 2764 Rott.
592 2715 705 2765 Floreat.
714 2710 811 2765 m.'sec.
827 2714 864 2765 Ae
872 2721 937 2765 tuctu
945 2716 1102 2780 confisujaeet
1113 2713 1165 2762 duo
1172 2714 1249 2762 Vatt.
1257 2711 1306 2760 Pe·

201 2782 256 2829 tut.
269 2793 323 2828 sec.
340 2781 441 2828 Attuctu
451 2778 608 2844 corfisujuret
621 2780 708 2829 Oxou.
721 2795 773 2830 sec.
797 2779 899 2829 Attuctu
909 2780 994 2845 confiso
1004 2794 1045 2827 suo
1056 2779 1117 2827 Ver.
1135 2779 1187 2827 LL.
1198 2791 1214 2826 e
1226 2791 1307 2839 marg.

200 2841 291 2894 Perm.
318 2843 358 2893 Ad
376 2848 466 2892 tectum
477 2844 608 2893 Var.LL.
627 2843 763 2893 ed.Antv.
793 2844 867 2892 Tuctu
883 2843 1048 2910 confisujoeet
1065 2842 1306 2954 PatMedigusrt.

200 2907 303 2957 Attuetu
313 2907 387 2956 Med.
404 2923 443 2969 pr.
460 2908 513 2956 inc.
525 2908 618 2956 Heius.
634 2908 697 2957 Put.
710 2909 804 2957 Potav.
816 2923 856 2969 pr.
868 2908 968 2958 Boron.
978 2909 1076 2957 Moret.
1089 2921 1127 2970 pr.
1139 2906 1204 2956 Cod.
1242 2905 1308 2981 ρὶςτ.Ι

200 2970 293 3021 Ambr.
320 2971 634 3036 Attueiueoufisujucetet
650 2974 705 3020 loetu
717 2972 822 3033 resurgit
841 2973 914 3021 Med.
926 2986 978 3021 soc.
1003 2973 1105 3021 Atustu
1123 2969 1222 3030 confuse
1234 2973 1307 3033 suet,

201 3049 307 3085 successu
318 3037 374 3084 toetu
393 3036 497 3096 resurgit
517 3035 617 3084 Buslid.
645 3036 719 3084 Tuctu
731 3036 788 3100 ficu
800 3036 878 3098 juret,
894 3051 1001 3085 successu
1019 3040 1075 3085 teta
1094 3034 1198 3096 resurgit
1218 3034 1306 3082 Ambe.

202 3106 266 3148 tert.
284 3099 388 3149 Attuetu
398 3099 484 3163 confiso
494 3113 547 3160 suo,
558 3104 609 3148 tum
622 3101 638 3148 l.
651 3102 757 3162 resurgit
768 3097 857 3148 Ambe.
870 3115 909 3163 pr.
921 3116 954 3149 m.
965 3116 1016 3150 sec.
1036 3099 1234 3164 Tectuficujucet
1245 3099 1306 3146 Vut.

203 3175 258 3213 sec.
283 3163 309 3211 in
321 3163 381 3212 Vat.
393 3177 431 3225 pr.
445 3169 510 3224 erut,
535 3163 891 3228 Atuatuconfixusuo...Qui
907 3164 1102 3226 tetigerejueent.
1128 3177 1235 3212 suecemu
1253 3163 1307 3210 tatu

201 3232 338 3289 resurgunt.
356 3227 424 3290 quod
436 3234 464 3276 et
474 3227 565 3276 Ambr.
582 3243 622 3290 pr.
632 3229 718 3289 habet,
736 3229 762 3277 in
774 3230 837 3277 Exc.
848 3230 957 3278 ercens.
969 3245 1008 3292 pr.
1020 3236 1087 3289 erut,
1103 3227 1207 3276 Attuetu
1222 3225 1308 3290 crustu

202 3305 245 3341 suo
255 3291 379 3341 immobilis
390 3292 472 3356 iteret,
485 3292 533 3348 Qui
543 3292 644 3354 tetigere
650 3295 738 3354 jurent.
748 3308 852 3342 necessu
864 3295 919 3342 tutu
930 3294 1042 3355 resurgit.
1061 3292 1110 3348 Qui
1120 3294 1220 3353 tetigere
1225 3290 1308 3350 jurent

202 3355 343 3406 edParm.
360 3357 386 3404 in
404 3361 457 3405 vet.
470 3356 533 3420 (lyr.
554 3357 690 3406 immutato
711 3357 801 3406 ordine
814 3372 932 3405 versuum
950 3367 1016 3419 erat,
1037 3357 1085 3413 Qui
1102 3357 1204 3416 tetigere
1217 3354 1308 3415 iacens.

202 3431 309 3471 meessu
319 3423 375 3470 tutu
385 3435 510 3482 resurgens
520 3420 622 3470 Attuetu
633 3421 719 3486 confise
729 3437 780 3484 suo,
798 3421 925 3471 immobilis
936 3422 1083 3471 lieret-11
1095 3420 1171 3481 seros
1181 3419 1246 3468 Vsr.
1255 3419 1310 3468 Lu.

202 3496 313 3548 emarg.
323 3485 412 3535 Parin.
432 3483 501 3544 seros
511 3487 561 3534 duo
576 3487 651 3535 Vstt.
664 3487 762 3535 Moret.
776 3501 815 3549 pr.
840 3501 893 3535 suos
904 3486 945 3534 ed.
958 3487 1045 3535 Purm.
1072 3487 1207 3550 deposcitur
1215 3483 1308 3533 Peter.
1327 3533 1330 3538 ,

201 3553 321 3600 secr—li
338 3565 374 3598 me
384 3549 458 3598 eicior
469 3565 516 3612 pro
527 3550 647 3599 incautior
657 3552 716 3600 Vat.
729 3565 780 3599 sec.
807 3551 879 3599 ultum
898 3565 945 3612 pro
957 3565 1006 3599 oeru
1017 3550 1115 3599 Buslid.
1131 3549 1175 3612 quii
1186 3563 1241 3613 seq.
1252 3561 1308 3596 vcr-

201 3626 260 3663 sutu
271 3614 308 3664 ita
321 3621 501 3676 represserint,
520 3615 637 3664 Hauserit
648 3620 672 3664 et
687 3619 762 3663 totum
773 3615 826 3675 jum
841 3615 946 3677 perdidit
957 3629 1023 3663 mnae
1032 3628 1152 3664 smmum.
1177 3613 1308 3724 enuispro

202 3677 279 3730 tems
291 3679 429 3728 tresVatt.
448 3679 505 3727 Pal.
526 3680 599 3728 Rott.
617 3679 697 3728 Oisel.
716 3679 829 3728 Floreat.
849 3687 903 3726 tres
914 3679 986 3728 Med.
1005 3679 1056 3729 inc.
1070 3679 1161 3728 Heius.
1181 3677 1244 3727 Put.
1275 3691 1308 3725 uo

202 3742 297 3794 Peter.
311 3746 411 3792 Bonon.
425 3743 490 3792 Cod.
502 3743 592 3805 Epigr.
602 3740 692 3793 Ambr.
702 3744 765 3792 Eue.
777 3744 887 3792 Luceus.
900 3758 940 3804 pr.
949 3743 1009 3792 Ver.
1018 3744 1071 3792 LL.
1082 3741 1125 3792 cd.
1134 3739 1215 3791 Antv.
1226 3756 1260 3790 m.
1270 3755 1308 3804 pr.

203 3812 268 3858 -14
288 3809 343 3857 Nou
352 3813 405 3856 suut
418 3808 482 3856 iuud
492 3822 552 3855 suno
562 3807 663 3856 Buslid.
681 3807 748 3868 furit
760 3814 870 3870 qtratuor
879 3808 953 3856 Vstt.
965 3805 1046 3856 Hafn.
1066 3807 1123 3858 Pel.
1134 3807 1208 3855 Rott.
1224 3805 1308 3854 Oisel.

202 3871 321 3923 Florent.
334 3880 387 3922 tres
399 3872 474 3920 Med.
493 3871 588 3921 Peter.
600 3885 653 3920 sec.
671 3872 722 3922 duo
734 3870 824 3921 Ambr.
835 3870 901 3920 Cod.
920 3872 1011 3936 Epigr.
1024 3870 1114 3922 Ambr.
1133 3869 1226 3921 Schsd.
1237 3868 1309 3920 (iud.

703 4017 808 4097 soris

237 4119 253 4163 8
271 4114 370 4165 (Σωσία
379 4115 463 4180 sortis]
481 4117 646 4182 cognoscens
660 4125 736 4166 rene·
776 4115 848 4165 nius:
865 4111 1098 4178 ‘NovitTorpedo
1110 4113 1162 4164 rim
1178 4111 1310 4179 susm,ip·

204 4204 265 4242 uum
277 4191 325 4242 sibi
343 4197 414 4243 sorte
425 4206 471 4242 seu
481 4190 538 4244 fsto
549 4193 648 4259 dutum.
681 4193 736 4245 Pli·
775 4206 805 4244 ss
815 4205 866 4244 nou
877 4188 1001 4258 torpenti
1013 4192 1064 4241 tect
