2700 4702
209 291 297 359 1342
383 306 492 356 norm
515 309 717 357 vinionuu
746 309 786 357 ru
802 310 866 360 un.
889 311 1025 360 chaun.
1049 311 1136 361 vni.

246 453 381 517 Conpulsu]
399 456 461 506 Non
472 455 539 505 euim
551 461 652 519 sponte.
685 457 739 507 No·
777 452 878 505 fortius.

211 536 251 581 tat
271 530 456 594 impudentiam
479 530 606 593 cupidinis
628 531 739 582 humani.
808 530 985 595 Hydru]Nota
994 529 1092 593 fabula,
1102 529 1136 581 ad
1148 529 1215 580 vitia
1225 534 1304 580 nun

210 609 301 658 naut.
776 622 827 656 non
838 609 893 657 sine
902 608 1020 671 improbo
1032 608 1121 658 labore
1132 607 1262 657 domando
1270 621 1305 656 re.

242 688 291 734 255
310 683 407 746 Bellon]
431 684 492 733 Duo
514 684 539 732 in
561 684 663 734 homine
687 686 739 735 ani·
775 682 867 733 serlus.
884 684 974 734 Baetis.

208 761 306 810 mantia
324 766 442 809 statuunt
460 759 620 823 Philosophi,
638 762 664 810 in
681 777 741 825 spe·
808 764 855 808 255
873 761 959 809 Potuit
976 761 999 809 si
1019 761 1072 823 quis
1091 757 1306 823 sedaretnrnsltur]

208 836 274 886 ciem
298 843 394 896 tamen,
416 842 444 885 et
463 837 511 899 rei,
527 845 599 900 puto,
618 838 738 902 liquidius
776 835 871 885 Poterit
881 845 933 885 tres
945 836 1054 887 codices.
1071 838 1105 887 D·
1115 837 1203 886 Heius·

208 912 341 962 docendae.
374 911 441 961 Vide
463 913 639 964 doctissimum
665 916 739 965 Corn·
811 912 942 975 Tenedus]
974 911 1126 962 Affectuum
1155 911 1306 962 contrarian-

208 989 363 1037 mentarium
383 988 418 1038 Is.
437 988 582 1060 passuboni
603 992 636 1040 ad
653 991 739 1040 Persii
776 987 849 1038 tium.
866 990 955 1039 Burtb.
1022 1006 1027 1012 ·

207 1062 327 1128 Satyrum
355 1062 496 1114 Quintam:
523 1064 617 1114 ‘Vitia
646 1065 738 1115 bellun
808 1071 857 1115 255
873 1066 1012 1116 insomnem
1023 1064 1101 1130 dubit]
1125 1065 1307 1130 Tranquillitas

208 1139 372 1203 sunt,vitiosi
383 1139 498 1188 homines
512 1140 606 1190 belluis
626 1142 740 1206 aequati!
777 1148 830 1191 tem
848 1143 945 1192 intimae
959 1141 1052 1191 mentis
1070 1142 1119 1190 sibi
1136 1140 1306 1204 praebiturum

207 1215 297 1265 Burri.
379 1253 383 1259 ,
776 1217 851 1279 dicit,
862 1217 905 1281 qni
918 1217 1069 1266 tumultibus
1079 1216 1186 1266 biseam
1196 1229 1306 1266 asserere

180 1291 187 1297 ”
209 1316 211 1321 ·
240 1295 288 1340 251
307 1292 408 1354 Explert'
426 1293 536 1355 pascique
553 1295 646 1359 nequit]
675 1295 739 1346 Vetti
777 1293 881 1357 poterit.
905 1294 1002 1343 Puram
1013 1299 1138 1353 mentem,
1150 1306 1201 1341 nec
1213 1293 1307 1341 exulta·

208 1366 299 1430 scripti
310 1365 367 1415 sere
378 1381 475 1417 omnes.
497 1369 606 1418 immunis
621 1371 698 1420 etium
711 1376 738 1420 ct
776 1369 841 1418 tioni
852 1383 900 1418 nec
912 1368 1015 1418 moerori
1025 1367 1176 1429 obnoxiam,
1187 1381 1306 1416 summum

208 1457 261 1507 cunr
276 1457 322 1507 pro
333 1444 447 1493 immunes
458 1447 560 1508 etdum,
571 1454 673 1497 veteres
684 1447 738 1512 qui-
776 1444 943 1494 beatitudinis
962 1443 1080 1491 humunae
1097 1440 1203 1492 faciunt
1222 1456 1305 1492 omnes

206 1518 276 1567 dam.
311 1522 393 1569 Locus
411 1527 558 1583 corruptus.
591 1521 661 1572 Puto
676 1523 738 1572 scri·
776 1521 934 1585 Philosophi.

207 1597 328 1659 bendum,
345 1599 382 1647 Ae
403 1600 465 1647 uelut
484 1599 594 1650 immunis
609 1605 739 1651 reseratum
807 1596 932 1659 Sacrana]
947 1596 1028 1646 Velut
1039 1596 1068 1645 in
1077 1594 1194 1644 sacrario
1203 1595 1262 1644 Diis
1271 1609 1306 1644 sc·

207 1674 283 1724 bellus
303 1675 390 1723 rictum
415 1675 513 1738 Expleri
534 1677 646 1739 pascique
672 1677 737 1727 uelit.
775 1672 1025 1735 ceptissiruusvivus.
1040 1670 1234 1720 Caneorum
1243 1671 1304 1720 enirn

206 1749 318 1812 Elegans
330 1749 486 1799 Graecismus
503 1752 665 1801 occasionem
681 1754 738 1802 loco
775 1748 954 1798 benevolentia
965 1748 1061 1811 vivere,
1070 1753 1098 1796 et
1109 1747 1144 1795 ad
1154 1747 1210 1796 Dei
1221 1748 1304 1796 rotun·

206 1825 392 1888 corrumpendo
403 1824 486 1877 dedit.
519 1826 621 1888 Cicero,
638 1828 736 1880 ‘animi
776 1832 854 1874 tateru
867 1839 894 1875 se
906 1839 993 1888 agere,
1008 1825 1066 1874 Deo
1080 1837 1109 1872 se
1125 1824 1246 1887 credere,
1257 1831 1304 1873 tan

207 1900 496 1964 egritudinem,tetreru
505 1903 674 1952 etimmuucm
684 1905 738 1954 bel·
775 1901 912 1950 Platonica
922 1915 997 1963 quarn
1014 1898 1195 1963 Pythagorica
1209 1899 1304 1963 sapien·

205 1975 284 2024 luam’
295 1976 447 2040 appellavit,
456 1977 531 2028 Tusc.
543 1979 736 2030 Queruntur.
775 1977 812 2026 tis
823 1991 947 2026 summam
959 1975 1112 2025 felicitatem
1125 1973 1191 2023 facit
1203 1982 1232 2026 et
1241 1988 1304 2039 pre·

205 2052 241 2102 D.
254 2053 342 2102 Hnua.
774 2052 846 2116 cipit.
863 2052 953 2101 Burtb.

237 2129 366 2192 Poscique]
398 2129 436 2180 Ut
464 2129 574 2180 desistat
600 2145 615 2180 a
640 2131 738 2196 cupidi·
805 2132 853 2176 257
874 2129 934 2176 Late
948 2127 1065 2176 dominere
1081 2141 1127 2189 per
1146 2126 1231 2190 Indos]
1255 2125 1301 2178 Qui

206 2209 262 2254 tate
283 2205 404 2268 plurium.
445 2206 587 2269 Eleganter
608 2206 736 2272 docteque
773 2203 886 2252 moribus
909 2203 1060 2266 praeirent,
1087 2217 1138 2252 nec
1158 2203 1194 2251 ad
1219 2217 1301 2252 reram

201 2279 277 2344 porci,
296 2294 345 2329 uon
363 2282 476 2344 suturam,
496 2281 572 2341 dixit,
593 2296 652 2331 cum
672 2296 736 2331 uun·
773 2279 894 2328 rirtutem
906 2277 1303 2342 animocomposito,quamlibet

204 2363 283 2419 quam
294 2363 417 2419 pascatur
428 2357 566 2419 cupiditas,
584 2356 680 2421 quippe
694 2372 735 2407 vo·
772 2354 864 2417 opibus
873 2355 994 2416 polleret,
1006 2354 1026 2402 is
1038 2353 1123 2401 animo
1133 2367 1229 2416 niagno
1240 2367 1301 2416 esse,

203 2431 291 2493 luptas
301 2431 327 2479 in
336 2438 411 2494 pastu
422 2448 429 2492 ς
447 2447 523 2496 quam
532 2433 576 2481 illa
585 2435 678 2494 nescit,
688 2434 736 2482 soli
773 2427 887 2493 felixque
899 2430 979 2479 vitum
991 2430 1087 2477 ducere
1100 2429 1240 2490 videatur;
1255 2443 1301 2478 nou

203 2507 400 2571 ingurgitatioui
412 2515 440 2558 et
451 2509 616 2573 deglutitioni
627 2511 735 2561 intenta.
773 2513 814 2554 est
836 2512 923 2555 tamen
944 2505 990 2554 iiio
1010 2503 1138 2553 infelicius
1159 2506 1303 2569 quicquum,

204 2582 285 2631 Nulla
303 2583 345 2632 hic
364 2584 442 2632 animi
459 2585 610 2648 compositio
627 2600 685 2649 quae
696 2600 735 2634 se.
772 2594 830 2629 cum
846 2580 962 2630 absurdis
980 2580 1049 2628 intra
1068 2592 1096 2628 se
1117 2579 1188 2628 vitiis
1206 2587 1301 2643 pereat.

204 2658 291 2722 quitur
301 2659 454 2724 passionem,
470 2660 516 2709 sed
535 2667 663 2724 perpetua
679 2661 734 2711 sitis
772 2655 848 2706 idem·

202 2739 230 2782 et
242 2732 330 2783 fumes.
349 2736 437 2784 Burri.
804 2735 852 2782 258
872 2729 1015 2792 renerus]
1041 2729 1302 2796 LatissimaIrnperis

239 2810 349 2875 Verbere]
366 2809 643 2875 Tormensqflugerlis.
671 2811 733 2861 Om·
772 2809 864 2872 adjicit
875 2808 998 2856 Romnnae
1009 2807 1303 2869 potentiae‚utdeclaret

200 2885 244 2935 nia
267 2893 397 2936 tormenta
418 2886 608 2937 verberarunt
633 2886 733 2951 priscis,
771 2883 868 2932 unllam
886 2882 989 2931 omnino
1009 2881 1059 2929 viru
1080 2887 1126 2929 aut
1146 2888 1301 2943 potestaten

202 2961 270 3025 quod
282 2962 307 3010 iu
327 2963 463 3012 tormentis
473 2963 583 3012 maxime
595 2968 734 3013 uterentur
770 2958 829 3008 huic
841 2958 907 3007 scito
919 2972 974 3007 csse
984 2963 1123 3005 exemtam.

201 3033 386 3100 flagellatione.
403 3037 479 3086 Idem.
803 3034 886 3084 Mollis
905 3032 993 3095 Arabs]
1019 3030 1172 3094 Amplitudo
1196 3031 1320 3105 Provin-¹

233 3116 281 3161 252
292 3112 525 3177 Stimulisumorum]
542 3113 732 3164 Mollioreshos
770 3110 867 3159 ciarum
887 3108 1056 3157 Arabicarum
1079 3107 1210 3155 nerninem
1230 3109 1301 3157 latet.

200 3184 264 3236 fucit
280 3187 429 3236 verberibus
453 3190 577 3239 avaritiae.
617 3190 660 3238 Sic
681 3187 732 3238 κέν-
770 3187 853 3236 Mollis
861 3200 921 3248 gens
932 3191 998 3246 tota,
1007 3183 1104 3232 celebri
1115 3183 1241 3234 convitio.

200 3279 256 3326 τρον
272 3261 355 3326 ἔρωτος
377 3263 483 3313 infinitis
502 3265 564 3314 locis
585 3265 612 3314 iu
629 3265 731 3315 Nonno.
802 3261 884 3324 Seres]
909 3262 1023 3322 Solinus,
1042 3275 1064 3309 c.
1076 3262 1116 3310 52.
1138 3260 1237 3308 ‘Seres
1256 3257 1303 3322 ipsi

199 3339 319 3402 Flugrure
330 3339 403 3402 dicit,
414 3340 448 3389 ob
459 3343 543 3405 iguem
560 3340 732 3389 innaturalem
768 3337 872 3402 quidem
884 3337 970 3397 mites,
981 3342 1008 3385 et
1020 3337 1088 3384 inter
1098 3350 1126 3384 se
1138 3335 1303 3398 quietissimi,

200 3413 396 3479 quodammodo,
423 3416 538 3478 nimium,
563 3414 730 3464 inconditum.
770 3415 833 3463 alios
845 3428 907 3464 vero
919 3413 1075 3475 reliquorum
1090 3411 1243 3459 mortalium
1253 3424 1303 3460 cre·

199 3488 303 3539 Amoris
314 3497 399 3540 autam
412 3492 511 3555 resipui
523 3492 655 3554 praecipue
665 3505 732 3539 com·
769 3497 811 3541 tus
838 3491 903 3541 adeo
927 3490 1067 3552 retugium,
1088 3495 1118 3536 ut
1146 3496 1302 3539 caeterarum

198 3574 333 3630 parantur,
349 3574 380 3616 ut
398 3569 483 3616 omnia
501 3568 555 3630 ejus
567 3581 637 3615 arma
648 3567 732 3630 ignita
769 3568 884 3630 gentium
896 3565 1050 3615 commercia
1062 3564 1200 3614 abnuant!

199 3654 255 3691 erse
267 3641 304 3690 ait
314 3642 444 3692 Moschus.
461 3643 537 3691 Idem.
800 3642 921 3704 Adurent]
944 3641 1020 3690 More
1040 3640 1151 3690 omnium
1170 3641 1301 3690 nationum

230 3720 278 3766 252
290 3718 362 3766 Nunc
370 3717 470 3780 gaudet]
481 3718 594 3768 Nimium
602 3717 731 3782 gaudium,
768 3719 873 3781 regibus
893 3716 1049 3780 parentium,
1067 3716 1144 3763 etiarn
1171 3715 1302 3764 lsraiilita·

198 3792 277 3841 animi
290 3792 378 3855 iugens
390 3794 512 3842 turbatio.
624 3788 635 3803 ''
767 3808 833 3854 rum,
844 3800 873 3842 ut
884 3793 970 3842 multis
986 3792 1050 3841 locis
1066 3791 1144 3840 docet
1155 3791 1301 3855 Scriptura.

230 3869 322 3917 Musio
340 3868 415 3931 dolet]
445 3869 506 3918 Nou
525 3877 623 3917 temere
639 3869 729 3932 junxit
766 3869 855 3918 Burtlr.

194 3940 280 3993 dolori
290 3945 447 4006 moestitiam,
456 3959 514 3994 cum
523 3950 550 3994 et
561 3944 632 3992 dolor
642 3945 676 3993 sit
686 3946 729 4009 qui
798 3949 847 3992 259
863 3944 893 3992 Si
904 3942 999 4005 metuis]
1025 3941 1153 3991 Pavorem
1164 3940 1245 3990 animi
1257 3940 1300 3990 ab·

197 4021 293 4070 nonsit
307 4022 400 4084 tristis,
416 4022 487 4086 isque
499 4021 602 4071 minime
615 4022 729 4072 deterius
765 4022 854 4070 horret
865 4020 1001 4083 sapientia.
1034 4020 1136 4067 Metum
1148 4018 1300 4068 instantium

198 4092 302 4144 alliciat.
319 4096 411 4147 Burtlr.
766 4112 824 4148 curn
835 4098 958 4161 cupidine
973 4094 1117 4144 absentium
1129 4094 1201 4142 inter
1212 4107 1246 4142 ea
1257 4106 1300 4158 po·

229 4175 278 4222 254
287 4173 432 4240 Pollentiae]
448 4172 580 4239 Viracius,
588 4171 730 4239 nervosius,
764 4170 1082 4237 nunrsapicntes,quibss
1094 4183 1147 4220 non
1158 4169 1300 4222 &esidor-
