2700 4702
207 298 295 379 tert
401 312 510 363 sonu
532 311 733 362 rsuronuu
757 311 800 361 ut
824 310 881 361 cr..
902 312 1043 363 curun.
1066 313 1108 364 x.

206 453 270 505 nisu
291 452 399 502 totidem
418 451 489 510 libri,
503 453 552 503 lroc
571 453 738 514 estgrmisr.
775 452 923 504 Gronovius
936 455 992 517 jum
1008 455 1121 506 monuit.
1153 455 1258 507 Servios
1272 458 1301 514 ud

206 539 236 583 ut
247 533 314 582 Stet.
326 530 451 596 Eplcedlo
462 532 544 582 Pileti
561 534 637 583 Ursis
659 533 737 582 ‘Cin-
774 530 934 591 superiorem
947 530 1054 594 turgini
1065 530 1154 581 locum
1166 524 1301 598 Georpn.

205 623 281 660 numu
297 615 325 659 et
346 608 453 671 Assyrio
472 617 606 664 manentes
622 609 736 672 germine
774 605 940 655 ‘Belumum
950 607 1160 670 esturboripse.
1196 607 1302 672 Opobsl·

204 684 312 734 succos!
326 684 364 734 sic
386 685 530 746 legendum.
563 686 616 738 Qui
626 686 737 747 grunius
773 696 871 730 sumum
892 695 984 732 succus
1007 683 1136 733 collectus
1155 698 1192 732 ex
1208 685 1302 737 arbore.

204 774 331 810 smomum
347 761 558 824 interpretantur,
580 763 671 811 vellem
689 776 736 822 nos
774 757 986 821 xylobalsamum
998 759 1098 823 liguum
1106 759 1191 822 ipsius
1201 761 1303 814 erboru

203 835 353 887 docuissent
378 851 504 886 amomum
533 838 639 886 herbum
669 850 735 889 csse.
772 849 830 884 nsm
842 832 898 883 tris
907 834 1004 884 dicitur
1018 849 1123 897 succus,
1132 834 1164 884 ri
1174 834 1247 897 ξύλον
1260 839 1303 902 lig·

204 926 269 961 unus
293 920 424 976 prsetercs
442 914 547 974 vulnero,
568 921 598 964 ut
622 914 735 978 Epitltsl.
772 910 1064 973 nunt-sicillapntim
1083 925 1118 961 ex
1137 913 1255 978 antiquis
1275 914 1302 963 li.

203 989 305 1040 Pullsd.
321 989 329 1019 ⁴
341 989 669 1053 Nlliscuspinguidesudst
680 992 735 1040 uul-
772 985 837 1048 bris,
846 986 941 1048 purtim
950 1000 982 1035 ex
991 985 1095 1036 Isidoro
1105 986 1229 1050 legende.
1251 989 1302 1039 Cu,

203 1079 266 1116 nere
278 1070 386 1116 cortex!
401 1067 530 1116 Ceterum
548 1082 596 1129 pro
607 1072 670 1116 costo
681 1066 734 1131 Gy·
772 1069 856 1110 lerum
874 1059 903 1109 td
921 1065 1050 1124 prorepunt
1067 1064 1172 1125 optime
1188 1065 1225 1125 uqi
1238 1065 1303 1114 ἰωὰ

201 1141 267 1192 rsld.
289 1149 317 1192 et
339 1143 447 1191 Lucem.
468 1143 576 1191 acontio.
608 1143 733 1207 Virgilius
771 1137 923 1200 respondet,
934 1151 983 1200 pro
997 1151 1050 1202 quo
1061 1152 1204 1201 perpetum
1215 1141 1302 1205 scripti

202 1223 275 1267 certe
302 1217 399 1280 θεοῖς.
419 1230 449 1267 11.
472 1217 585 1267 belesme
607 1225 635 1268 et
656 1233 733 1268 scun-
769 1213 925 1263 nonnulliet
937 1212 1302 1278 Rsplsclengiusprumpsut.

200 1292 274 1342 thum
285 1292 439 1356 conjunxit:
458 1308 514 1356 quse
526 1300 615 1343 noster
627 1308 732 1358 respex·
770 1289 820 1338 etsi
838 1290 932 1339 Festus
955 1287 1069 1338 Auienus
1088 1287 1173 1338 Orbis
1190 1289 1301 1355 descrip·

200 1366 731 1419 lssevlsus2‘Quidtibiodorotoret‘ersm
769 1364 840 1414 tione
858 1380 866 1414 t
892 1364 990 1414 ‘tellus
1011 1363 1054 1412 hio
1076 1378 1183 1428 semper
1204 1365 1301 1430 ingrat

200 1441 580 1505 sudsntisliguolislsumsque
598 1451 626 1493 et
636 1443 730 1495 beccus
768 1441 850 1492 odoro
861 1441 978 1504 Cespite,
996 1441 1144 1505 prorumpit
1159 1442 1301 1507 lacrymoso

199 1515 730 1582 semperirondentisscuntltil’UbiSeiro-
767 1516 858 1578 stipite
879 1516 990 1580 myrrlus,
1011 1516 1122 1578 Myrrha
1138 1515 1302 1583 intorquens

198 1595 288 1647 liures
309 1594 730 1659 Ms.Bibl.1eid.‘Aoustds]de
767 1590 827 1639 dum
847 1590 991 1655 Cinyreius.
1009 1591 1050 1640 hic
1067 1591 1225 1644 inuenirim
1242 1595 1299 1644 Vel·

199 1686 251 1736 qno
262 1669 343 1721 Gnifo
353 1670 470 1733 scripsit:
483 1671 553 1735 quod
564 1672 591 1721 in
600 1672 656 1736 ejus
666 1671 729 1724 flore
766 1667 823 1716 lert
832 1666 979 1716 deludunt!
993 1666 1031 1718 ils
1046 1667 1119 1718 locus
1131 1669 1185 1719 iste
1201 1684 1236 1719 ex
1245 1685 1301 1720 res·

197 1747 283 1801 tincta
294 1742 373 1796 celtis
385 1746 730 1812 sosnthudicitur.’quibns
767 1742 837 1806 tigiis
848 1745 944 1794 veteris
963 1744 1021 1794 libri
1032 1745 1244 1811 constituendus,
1253 1748 1299 1797 nisi

199 1823 292 1874 similis
306 1823 375 1887 opud
388 1823 516 1872 Isidorum
527 1823 553 1872 in
565 1823 730 1888 Etymologle
766 1825 794 1868 ei
804 1819 857 1868 illic
866 1820 974 1882 prorepit
984 1820 1073 1882 placet
1085 1822 1188 1884 reponi.
1214 1823 1299 1874 ‘Gut-

197 1897 288 1949 lssbes.
304 1897 409 1947 ‘vimen
431 1896 543 1948 ucuntlti’
562 1897 631 1948 idem
642 1899 728 1962 Virgi·
766 1894 840 1944 turim
858 1894 965 1945 stillsre’
984 1895 1144 1947 Scholiastes
1164 1899 1298 1957 luvenalis

199 1975 250 2033 lius
269 1974 366 2038 Georg.
385 1989 425 2025 ιν,
444 1973 521 2037 dixit,
536 1974 665 2038 quomodo
686 1975 728 2025 hic
765 1969 815 2019 llis.
831 1968 898 2018 dixit
908 1971 941 2019 ud
952 1970 1007 2021 Sst.
1019 1985 1050 2020 n.
1069 1972 1259 2037 ιΟροὺιιῐεωιιι]
1271 1974 1299 2024 li·
1318 1996 1320 2000 Α

196 2049 727 2105 nostert‘etfleuivimenscuntlti!Auo·
765 2060 829 2110 q¹¹⁰l
845 2046 962 2099 btlwi·
995 2048 1043 2097 Eli
1069 2049 1139 2106 enim
1167 2051 1297 2115 quoddum

196 2131 237 2176 tur
257 2127 377 2177 carminis
404 2126 438 2176 de
458 2127 581 2176 Phoenice
601 2127 728 2191 similiter,
765 2123 971 2186 genusvirgultl,
991 2125 1034 2174 cui
1054 2132 1148 2177 cortex
1165 2126 1296 2191 inciditur,

195 2201 312 2252 ‘olentis
330 2202 415 2252 vimen
439 2201 560 2252 acanthi!
593 2203 662 2267 apud
675 2203 728 2252 Ne·
764 2202 837 2252 etde
848 2203 965 2252 cavernis
985 2202 1071 2252 incisu
1090 2202 1197 2252 corticis
1215 2203 1297 2268 liquor

194 2278 335 2327 mesiuunm
344 2277 483 2340 Eclogun.
504 2278 590 2327 ‘molli
601 2279 727 2342 gremium
763 2278 870 2328 buusmi
895 2281 978 2329 stillet
1004 2279 1146 2343 guttstim!
1172 2279 1242 2330 unde
1269 2286 1297 2331 et

195 2354 339 2417 compleret
347 2352 475 2403 scuntltn?
498 2360 626 2404 utverum
640 2356 727 2405 lectio·
762 2355 861 2403 udoudi
883 2355 964 2404 verbu
984 2355 1125 2418 scriptores
1144 2355 1296 2420 plerumque

194 2444 253 2479 nem
271 2430 337 2479 hunc
346 2444 404 2479 esse
415 2431 499 2480 nullus
511 2429 635 2481 dubitem.
652 2431 725 2482 Idem.
762 2436 878 2493 utuntur,
894 2438 924 2481 ut
934 2447 967 2481 ex
979 2431 1102 2495 locisjom
1113 2433 1225 2495 prolatis
1234 2447 1297 2498 qus·

226 2509 259 2554 96
275 2505 389 2554 Butam
408 2504 485 2568 ligno]
501 2506 545 2556 Sic
559 2506 612 2557 duo
623 2508 724 2571 scripti.
761 2506 899 2556 dummodo
910 2508 1002 2572 liquet.
1019 2507 1093 2558 luem.

194 2581 324 2647 quomodo
336 2579 455 2644 Ouidius,
475 2583 640 2647 ‘sudataque
655 2583 724 2647 ligno
793 2586 826 2630 98
843 2583 964 2646 Possuque
984 2582 1117 2647 superbior]
1136 2584 1294 2649 Juctuutior,

192 2657 281 2706 Thura
290 2657 305 2717 ;'
322 2663 350 2706 et
363 2657 501 2707 ‘rudentis
509 2657 724 2722 liguoBulsumu,'
762 2663 791 2706 ut
802 2672 835 2707 ex
847 2659 904 2721 ipso
915 2658 1158 2709 incessudidiceris.

193 2733 326 2797 Virgilius,
339 2733 402 2781 locis
418 2747 497 2795 suprs
510 2733 640 2783 adductis.
674 2735 723 2783 Lu·
793 2737 826 2781 99
843 2733 979 2795 Coemsiem]
1004 2734 1293 2805 Dubitundumest‚un

192 2810 276 2859 censis
298 2815 394 2870 tumen,
414 2808 522 2872 Gyrsltl.
538 2809 634 2873 isingr.
647 2811 722 2872 prim.
760 2823 826 2873 pure
848 2810 969 2875 loquutur
995 2810 1039 2874 qui
1060 2810 1173 2860 Veneris
1193 2827 1293 2862 comum

191 2885 312 2935 Vsticun.
324 2891 351 2934 et
362 2883 476 2933 sedecim
482 2885 535 2949 ulii,
543 2885 604 2934 rico.
614 2901 722 2950 quorum
761 2885 889 2933 &sorum
900 2885 1023 2948 appellnt.
1039 2885 1109 2935 Sene
1120 2885 1226 2948 Virgilii
1237 2900 1293 2934 uer·

191 2961 333 3011 auctoritas
344 2962 431 3022 magui
442 2961 512 3025 apud
532 2977 573 3010 me
590 2962 720 3025 ponderis.
758 2957 793 3008 be
803 2967 872 3021 sunt,
884 2960 984 3023 Georg.
994 2974 1033 3009 tv.
1056 2963 1064 2990 ‘
1076 2960 1220 3010 Caesnriem
1230 2959 1293 3010 effu·

189 3042 278 3086 noster
289 3037 368 3087 cons.
378 3036 471 3101 Olybr.
489 3039 720 3103 ‘Cornuutempo-
758 3047 794 3084 σε
806 3034 913 3084 nitidem
929 3049 977 3098 pet
996 3034 1108 3085 candide
1123 3035 1209 3086 coilo!
1243 3039 1291 3086 Lu·

190 3109 261 3161 ribus
270 3124 361 3161 raucos
373 3111 493 3160 studentis
504 3112 588 3161 riuos!
604 3113 719 3177 quumvis
758 3110 815 3159 cuni
823 3109 869 3161 lib.
881 3125 899 3160 r.
917 3111 1046 3160 ‘Cusurie
1058 3112 1156 3175 luceru,
1163 3111 1292 3178 nudisque

188 3185 335 3235 uliosensn.
369 3188 475 3249 vulgati
487 3188 654 3250 etiamnum,
667 3204 719 3238 uon
759 3185 996 3235 adstarelacertis?
1014 3187 1104 3236 Burri.

188 3263 265 3312 mele.
278 3269 307 3310 ut
318 3261 386 3323 apud
397 3261 497 3323 Silium,
507 3263 550 3312 lib.
561 3277 603 3314 ιιι.
620 3265 718 3315 ‘succo
790 3268 838 3314 199
855 3264 953 3313 Sorores
969 3263 1065 3325 [doliu]
1101 3264 1233 3329 Nymphae
1252 3280 1291 3316 nr·

187 3336 281 3387 nobilis
290 3336 418 3387 erbor.’et
429 3339 499 3402 apud
509 3340 630 3400 Statium,
649 3342 658 3369 ‘
670 3340 718 3389 As·
756 3339 878 3401 natrices,
889 3339 1012 3388 ministre
1021 3340 1107 3390 cultus
1117 3341 1195 3391 Dee.
1212 3341 1290 3392 Tales

187 3411 257 3476 syrio
277 3418 407 3461 mouentes
425 3414 541 3476 germine
556 3415 644 3467 succi!
676 3417 717 3466 Ne
757 3415 907 3476 uruntrlces,
929 3415 1074 3478 politrices,
1110 3416 1237 3467 cultrices
1263 3418 1289 3466 in

186 3486 248 3552 quid
258 3486 414 3537 dissimulem
433 3495 528 3552 tumen,
544 3488 627 3554 prims
638 3491 717 3540 lectio
756 3487 859 3538 familiis
875 3491 1048 3540 Romansrum
1058 3492 1191 3542 Venerunt
1204 3499 1233 3543 et
1243 3493 1289 3544 Ju-

186 3563 299 3615 omulum
312 3565 411 3626 optima
422 3564 536 3626 videtur,
548 3572 578 3614 ut
597 3563 717 3626 ενλοβάλ-
755 3579 858 3616 nonum.
876 3567 950 3616 Idem.

185 3655 261 3699 cruor
270 3640 407 3703 intelliget.
417 3641 529 3691 corticem
538 3647 616 3691 vocnt
627 3649 716 3692 noster
786 3640 896 3704 Sorores]
903 3641 976 3691 dosis
987 3657 1020 3691 ex
1030 3643 1192 3707 Eurynome,
1205 3644 1288 3697 Occs-

185 3714 359 3780 Epithalamio
370 3716 489 3768 Palladii.
510 3717 609 3780 Virgom
617 3720 714 3771 Statius
753 3715 882 3779 pignota,
901 3716 962 3767 filiu
983 3717 1093 3768 Gratim·
1133 3721 1226 3769 Venus
1245 3734 1287 3770 su·

183 3791 338 3856 Propempt.
355 3793 431 3842 Metii
451 3794 566 3843 Celeris:
595 3794 603 3823 ‘
621 3795 714 3845 Condi·
752 3797 848 3841 remex
859 3794 924 3841 muri
935 3792 1117 3857 ortsfingitur.
1135 3796 1231 3847 Delrio.

183 3866 218 3916 du
229 3866 317 3916 felices
331 3869 425 3917 sudent
438 3868 714 3934 opobalsumsvirgae.’
785 3873 832 3918 199
849 3871 933 3918 Morsu
950 3871 1069 3919 nummosi
1088 3871 1284 3937 centurbium]

182 3941 351 3992 ‘surculum'
377 3944 544 3994 Prudentius.
584 3947 660 3996 ‘illic
686 3955 714 3998 et
751 3941 863 3992 Pectine
873 3942 1054 4009 eburnodicit
1070 3944 1285 4012 depexsmspn·

182 4018 273 4079 greciii
303 4018 418 4068 belesme
445 4023 548 4072 uinculo
576 4024 714 4074 Desudutu
751 4019 803 4067 0¹¹⁸
830 4016 929 4069 cumam
951 4021 1026 4070 Ποῦ·
1060 4021 1175 4072 Fiebrul
1202 4024 1284 4088 pecti«

180 4087 284 4151 fluunt?
299 4093 456 4145 ‘Truncum’
477 4097 585 4160 Succos,
604 4099 713 4150 Martis·
749 4110 796 4146 nes
806 4098 868 4147 olim
879 4104 933 4150 ete
949 4098 1159 4166 bisuntinum
1172 4114 1284 4171 sputoque·¹

178 4165 223 4232 lis,
241 4167 389 4223 Ausonius:
416 4177 447 4222 nt
472 4171 517 4249 sd.
535 4173 648 4237 ,dudum
671 4175 712 4228 cl.
749 4171 839 4228 Bous
929 4220 931 4224 ,
