2700 4702
465 307 514 356 nr
537 308 588 356 ιν.
610 307 716 358 cous.
738 307 882 358 nouos.
1137 293 1225 360 1957

122 450 288 503 nitbinrtial.
299 451 344 502 lib.
353 458 404 502 xrs.
415 451 493 516 Epig.
503 456 545 502 (tt.
563 453 652 504 Βακὰ.
689 453 797 503 Metam.
813 453 935 503 Nasonis.
946 467 973 503 v.
989 455 1047 503 979.
1064 451 1223 502 ‘Munlficus

153 533 202 578 499
223 529 334 577 lnrsiset
354 526 427 590 ersis]
460 530 569 593 Semper
587 528 653 578 cardi
689 531 756 593 largi
766 530 822 578 anri
832 528 849 579 :’
866 529 965 592 probs:
988 537 1054 592 puto
1073 530 1099 578 in
1119 528 1225 593 qulbus·

123 612 237 670 paratus.
254 606 329 654 Iden.
689 606 749 654 daur
761 605 951 669 exemplaribus
970 604 1031 654 olim
1046 605 1154 664 lactum,
1164 604 1225 654 loeti

153 683 202 729 494
221 680 329 728 crissim
339 680 408 740 selgo
418 678 553 741 Texantur]
576 679 654 728 Dela·
688 682 755 730 sari:
773 678 1041 730 ludelnrdisfactum:
1059 681 1225 744 provulgata

124 761 209 806 torum
220 756 314 804 astutia
325 763 353 804 et
364 756 478 804 licentia.
495 755 569 806 ideas.
689 758 818 821 scriptura
829 756 924 806 nollem
938 760 1023 815 naret
1041 755 1172 841 Eppius.
1188 757 1224 806 D.

153 835 202 881 495
221 831 307 880 Patrio
317 837 413 880 mus
431 846 477 880 sos
495 832 653 880 truditarex·
690 834 780 883 Heius.
1115 854 1118 859 ·
1224 848 1229 859 ⁴

121 906 168 970 sal]
185 907 570 971 Nouproscribiturpropositis
580 907 653 957 tabu·
723 909 852 975 namuco
861 908 950 972 lesdis]
971 908 1160 972 imperatorem
1172 920 1224 956 nou

122 983 153 1030 lis
167 980 286 1031 lictorum
299 982 445 1043 criminum,
456 997 585 1046 opumque
597 998 655 1046 gra·
690 983 799 1034 effusum
815 986 841 1034 ln
854 984 951 1034 dandas
963 997 1037 1047 opes,
1053 982 1101 1032 ssd
1119 981 1225 1032 laudona

122 1059 168 1109 tia.
204 1059 278 1108 liudi
290 1058 420 1122 peculiare
439 1059 545 1108 verbum
562 1058 596 1108 de
609 1074 654 1109 ex·
690 1069 718 1112 et
729 1060 982 1112 commendationum
997 1072 1168 1122 nonpareum
1179 1071 1224 1108 ax·

122 1132 227 1185 suibus.
243 1133 319 1182 lna.
690 1153 810 1202 poscens.
925 1195 927 1199 y

153 1213 203 1260 499
221 1211 355 1271 Augaeus«
384 1209 481 1272 tributi]
526 1209 653 1261 Qualibus
723 1215 852 1281 Malacae
871 1213 960 1277 badis]
976 1214 1078 1264 Crescit
1089 1211 1159 1262 euim
1169 1213 1225 1261 lau·

122 1288 264 1352 tyrannicis
283 1288 441 1351 temporibus
464 1288 548 1336 miseri
569 1289 653 1338 coloni
690 1289 1224 1354 datarirtus,etglorlababetirnmensnns

121 1362 210 1413 fundis
220 1365 271 1412 suis
280 1363 462 1426 egerebantur,
470 1377 522 1412 uon
530 1363 655 1413 sufficien-
689 1371 785 1418 culcar.
819 1368 862 1417 Sic
874 1364 1122 1430 generososanimos
1136 1365 1164 1414 in
1179 1364 1225 1414 bo·

122 1438 192 1488 tibus
205 1439 238 1487 ad
255 1440 409 1489 tributorum
421 1439 584 1488 extensiones
596 1455 653 1503 pos·
689 1458 780 1493 norum
792 1450 930 1507 augmento
949 1441 1056 1505 proemia
1066 1441 1163 1490 trabere
1173 1439 1225 1489 vir.

120 1514 287 1565 sessionibus.
306 1515 379 1563 [den.
690 1527 775 1569 tutum
793 1527 935 1570 auctorest
953 1518 1107 1570 Onosander
1125 1520 1224 1571 Strate-

151 1595 206 1649 499
218 1590 325 1654 Tabala]
351 1590 583 1653 Proscriptiouum.
602 1590 653 1640 Vel
690 1595 742 1658 gici
754 1611 812 1659 cap.
826 1600 867 1644 94.
882 1596 974 1644 Bortlr.

120 1665 267 1716 debitorum
279 1667 465 1715 mulctarumve
483 1666 570 1730 potius
588 1667 653 1716 tisco
722 1675 769 1721 bul
787 1672 907 1720 Perieras
918 1685 964 1719 sou
974 1668 1116 1733 cntefidaes]
1129 1667 1224 1719 Altera

119 1748 166 1792 aut
187 1742 279 1791 aerario
297 1741 466 1791 residuarum.
508 1743 565 1793 Ista
584 1743 652 1792 eninr
690 1748 757 1796 euim
784 1761 863 1795 noras
891 1745 1091 1795 nundinationes
1120 1756 1224 1805 semper

118 1820 254 1883 proposita
270 1820 408 1882 adigebant
419 1820 451 1869 ad
467 1820 612 1870 auctionem
625 1829 653 1871 et
689 1821 794 1886 querit,
805 1835 872 1869 novo
883 1828 986 1881 semper
997 1818 1069 1866 lucro
1081 1816 1191 1866 intenta.

118 1896 219 1944 hastam
230 1894 336 1944 miseros
347 1895 395 1944 sub
407 1895 531 1959 tyrannis.
645 1878 657 1899 ⁸
724 1899 775 1946 Nec
785 1901 882 1961 pectora
892 1909 979 1945 meroes
987 1892 1092 1954 diligat]
1104 1891 1224 1952 Venatio,

125 2011 129 2017 .
154 1973 210 2021 Non
220 1971 289 2020 basto
308 1971 396 2036 rrsfinss
418 1971 505 2021 Vendit
523 1970 588 2034 opes]
605 1973 654 2021 Re·
688 1968 1223 2038 atquaobsecundrntiaaerugimnsercsr,

118 2046 196 2105 lixas,
212 2048 365 2110 possessioni
379 2047 548 2096 Dominoruru
566 2062 654 2096 exem·
690 2058 766 2100 eostre
777 2051 813 2098 rei
826 2049 948 2113 pretium.
964 2048 1057 2096 Florus
1069 2045 1101 2093 de
1121 2044 1220 2092 Romae

119 2133 169 2174 tas.
187 2123 274 2173 Hasta
281 2123 465 2186 praefigebatur
474 2122 583 2186 publicis
594 2138 656 2173 ren·
690 2126 698 2152 ‘
712 2125 870 2189 Respublica
881 2123 907 2173 in
918 2123 1027 2172 exitium
1039 2133 1112 2170 suum
1123 2131 1223 2167 merces

118 2198 273 2262 ditionibus,
292 2205 320 2248 et
341 2199 389 2248 rab
409 2212 442 2248 ea
462 2199 653 2249 exercebantur
689 2201 765 2251 erat!

119 2275 264 2331 auctiones.
280 2275 368 2326 Bortb.
723 2278 824 2328 Pectora
833 2277 940 2340 Alligot]
952 2274 1081 2326 Deviuclt.
1093 2273 1153 2323 Nou
1162 2286 1230 2322 anc··

152 2356 202 2402 499
219 2352 298 2401 Anido
312 2357 390 2402 rector
406 2367 453 2400 non
474 2368 528 2402 noce
550 2353 651 2417 citatur]
690 2357 769 2405 torati
780 2363 841 2406 sunt
860 2357 954 2405 milites
973 2352 1103 2413 mercede,
1119 2349 1164 2399 sed
1184 2351 1222 2400 iu·

118 2425 163 2475 Sic
175 2426 272 2489 primus
284 2441 317 2475 ex
329 2442 376 2475 suo
387 2427 455 2476 libro
467 2428 601 2477 Cluverius
613 2442 652 2478 re·
689 2445 893 2497 geuuoveroque
901 2428 1140 2494 amorcpriucipem
1149 2440 1223 2475 snum

119 2501 223 2551 stituit:
240 2501 309 2566 quod
326 2504 436 2552 Lucens.
452 2504 653 2567 acGyraldinus
690 2514 890 2572 prosequuntur.
940 2504 1087 2554 'l'rebellius
1118 2501 1222 2550 Pollio:

118 2576 282 2639 confirmant,
293 2577 433 2642 meritoque
441 2584 592 2627 recutnsest
603 2579 653 2627 Ra·
688 2582 872 2631 ‘Sanctissime
900 2582 1055 2643 Imperator,
1075 2592 1108 2626 ne
1128 2576 1223 2626 moad

119 2652 292 2716 phelengius:
318 2667 394 2718 quem
412 2655 461 2703 boc
479 2655 581 2703 nomine
601 2669 653 2702 uon
688 2655 755 2705 banc
765 2656 950 2706 necessitatem
962 2656 1069 2716 alliges!
1085 2653 1175 2701 Rnrtlr.

119 2728 510 2793 debuitexagitareuirdoctus:
523 2730 568 2778 sed
578 2730 653 2790 bene,
721 2736 770 2780 599
787 2729 1041 2794 Propignorscastra]
1058 2726 1223 2777 Natnseuina

119 2803 191 2867 qnod
201 2803 359 2866 palinodiam
377 2805 447 2854 curis
458 2805 578 2854 secundis
587 2806 653 2855 esci-
688 2807 757 2856 iuter
766 2807 867 2856 militiae
878 2807 952 2868 sigua
963 2802 1102 2854 Honorius.
1120 2801 1195 2850 Idam.

118 2880 168 2930 nit.
202 2879 520 2944 Vulgooridisemptorsou
530 2882 654 2949 ooceeito·
721 2888 770 2932 594
789 2882 854 2932 Fiao
872 2886 952 2931 nrnsct
967 2879 1100 2929 renuentia
1113 2876 1222 2940 patrans]

117 2961 168 3006 tar.
185 2956 218 3005 1).
230 2955 322 3006 Heius.
535 2974 538 2980 ·
689 2961 730 3008 Ex
749 2959 887 3022 majestate
904 2957 996 3020 prisca.
1031 2954 1136 3002 Marcus
1148 2951 1222 3015 drap.

152 3031 234 3080 Asida
243 3036 319 3080 sector
328 3047 375 3081 nou
385 3046 440 3080 sose
450 3031 552 3094 citetur]
571 3031 655 3081 Seston
690 3033 755 3084 adeo
768 3034 849 3083 coluit
864 3034 999 3091 Senatum,
1020 3036 1051 3078 ut
1061 3029 1131 3078 bello
1142 3026 1222 3077 etiarn

119 3112 218 3168 antem,
233 3107 294 3172 quia
315 3109 359 3171 qul
379 3108 479 3157 solvere
498 3108 589 3169 nollet,
609 3114 655 3156 aut
690 3109 854 3159 atrocissimo
876 3108 1011 3179 ingruente
1033 3119 1084 3154 nou
1109 3109 1230 3152 sumeret⁴

118 3197 171 3231 nou
178 3191 271 3245 posset,
279 3184 454 3247 antiquissimo
457 3184 517 3247 jure
526 3181 653 3233 secandus
689 3186 735 3236 sed
753 3185 785 3235 ab
796 3199 827 3234 co
839 3191 942 3248 peteret
961 3182 1105 3246 pecuniam,
1123 3195 1172 3231 uec
1184 3186 1224 3230 ta·

118 3259 214 3307 eratin
226 3266 341 3321 partess
357 3259 538 3309 creditoribus.
571 3259 654 3307 Seetor
689 3274 811 3309 mennon
823 3260 910 3309 omnia
921 3273 967 3308 suo
979 3257 1087 3307 arbitrio
1098 3256 1187 3327 gessit.

119 3349 185 3397 ergo
196 3335 238 3385 bic
249 3334 374 3397 creditor,
384 3335 478 3399 cuijus
490 3336 551 3384 olim
563 3348 653 3383 secan·
722 3340 865 3387 Munatio
885 3336 998 3400 Petram]
1023 3338 1103 3386 Velut
1120 3342 1224 3386 ustura·
1289 3362 1294 3371 ·

119 3409 158 3471 di,
169 3424 233 3459 voce
242 3411 369 3473 praeconis
380 3412 493 3475 publiea.
509 3411 598 3460 Burtlr.
688 3414 761 3464 lium.
778 3415 868 3463 Bortb.

152 3490 203 3535 599
219 3487 349 3552 Maur'ficas
365 3489 493 3538 londissed
503 3503 549 3537 nou
564 3503 652 3550 eapro-
722 3496 769 3540 595
787 3489 962 3551 Seuiamjuris]
979 3486 1224 3552 lpsareverentiae

118 3564 191 3624 eligas
201 3563 265 3626 nari]
281 3564 309 3612 Si
328 3565 392 3613 bauo
411 3565 551 3615 lectionem
563 3578 653 3628 sequa·
690 3565 771 3624 senio,
783 3572 823 3615 tot
840 3579 963 3614 annorum
980 3563 1090 3612 decursu
1099 3561 1222 3612 stabilita.

118 3652 188 3700 mor,
203 3639 341 3689 Stilicboui
358 3643 492 3692 avaritiam
511 3642 653 3705 exprobra·
689 3641 751 3691 Non
762 3648 849 3690 antem
861 3643 923 3690 solue
938 3641 1009 3703 leges
1020 3646 1152 3689 senectam
1166 3651 1224 3688 sen·

119 3714 189 3764 verit
211 3716 383 3766 claudianus:
403 3719 471 3782 quod
487 3719 591 3768 minime
609 3733 652 3768 vo·
690 3718 740 3766 tire
753 3717 930 3780 perhibentur,
948 3715 994 3764 sed
1013 3721 1040 3763 et
1050 3714 1113 3776 ipsse
1128 3714 1155 3762 in
1167 3710 1223 3762 uni·

117 3792 180 3841 luit.
213 3793 609 3860 lsingriuuslorgis‚prolcrdis:
625 3797 653 3845 id
689 3805 791 3841 versum
804 3791 975 3854 Respublica.
991 3791 1067 3838 Idem.

118 3868 255 3931 amplexus
265 3871 475 3935 ltaplreleugius;
486 3888 563 3936 quern
572 3874 653 3922 miror
696 3903 702 3909 -
722 3868 821 3918 Serrium
834 3866 910 3928 imi]
927 3865 1023 3916 0911119
1036 3863 1149 3927 ⁸¹¹¹qu
1160 3876 1221 3914 ⁰⁸¹¹·

117 3957 170 3992 non
181 3945 279 3994 vidisse
290 3948 353 4008 lorgi
365 3949 516 4011 legendum:
532 3950 652 4013 utprobe
690 3944 834 3993 1119111ᾶί111
848 3947 979 3990 moment&
992 3940 1126 4000 1011111111,
1142 3938 1223 4004 idque

119 4017 206 4069 Oxou.
214 4027 242 4070 et
255 4022 363 4085 Regius,
375 4023 417 4085 qui
429 4024 509 4072 etiam
518 4026 560 4074 sed
570 4040 616 4073 aas
626 4031 651 4074 et
689 4020 780 4070 melius
792 4033 823 4066 ae
839 4017 936 4066 rectius
954 4016 1014 4065 olim
1031 4014 1171 4079 provisum,
1183 4013 1222 4064 ait

117 4096 399 4148 eumaliisnonuullir:
417 4100 651 4162 qnodtpparrams·
688 4096 742 4147 ille.
761 4095 855 4144 Closer.
1060 4133 1064 4139 .
1226 4132 1229 4137 .

117 4186 169 4233 pv.
201 4170 256 4222 uus
272 4173 359 4225 ussa·
376 4181 480 4224 nouo
498 4175 532 4224 er
549 4175 595 4226 uo.
612 4189 651 4227 u.
720 4174 770 4220 roo
788 4171 994 4232 emmane
1014 4167 1126 4230 suma]
1153 4166 1222 4219 ras
