2700 4702
196 278 284 347 1282
398 293 508 343 nora
534 292 735 342 vantonurt
760 291 800 340 ru
824 290 883 341 ca.
907 291 1048 342 annun.
1072 292 1107 338 v.

195 437 265 487 unde
283 435 310 486 id
322 435 357 486 sil
367 439 508 500 sumptum,
524 435 642 500 explicat
660 435 733 485 derv.
767 434 874 486 ‘Quem
888 436 963 499 justo
980 435 1076 484 leviter
1086 445 1147 484 rese
1157 434 1303 488 discrimem

195 514 231 564 ed
249 514 306 564 AEn.
327 528 347 564 t.
369 528 407 563 vs.
426 517 484 564 tat.
499 511 733 576 ‘Tendentemque
768 510 872 561 confert
891 511 991 561 Umbro
1009 511 1171 575 superciliiz'
1188 512 1299 562 itaenim
1345 558 1348 563 ,

194 605 287 642 manua
305 589 435 650 inermes‚'
454 596 500 638 aut
517 589 573 638 sina
589 588 733 650 insignibus
769 585 996 648 isingrinicodex.
1015 589 1050 637 t).
1064 587 1154 638 Heinr-

195 664 676 730 regiir,sceptro‚&c.outsupplicea:
694 670 733 724 ut,
802 662 913 726 affecta
923 662 1008 726 maris]
1035 663 1105 713 Nam
1121 663 1197 712 velut
1218 660 1300 714 frenis

195 742 336 792 ‘Dextrae
349 742 486 792 tendamus
498 740 628 791 inermes!
655 739 732 794 Quod
769 746 813 789 ant
836 740 945 789 habenis
963 753 1068 789 cursum
1080 738 1184 788 Ocnum
1196 737 1302 790 detineri

196 827 312 870 tractum
335 826 376 868 ast
395 819 428 867 dc
447 818 562 867 historia.
595 817 647 869 Qui
664 817 733 866 anim
768 833 785 867 a
797 818 853 867 Deo
871 817 1025 880 credebant,
1046 829 1081 866 ns
1100 819 1238 880 prolueret
1253 816 1302 866 oni·

194 897 262 947 ricti
278 892 306 946 se
324 895 433 959 dedunt,
446 895 558 942 inermes
576 893 734 957 supplicant.
769 907 871 944 versam
891 895 989 944 orbem.
1020 895 1090 944 Vide
1111 892 1301 944 aossioditlm.
1343 904 1348 959 ξ

199 973 337 1035 Dempsler.
770 984 866 1035 snpra:
883 960 1132 1036 ‘Praescriptorque
1148 968 1216 1018 mari
1226 967 1302 1020 fines!

228 1052 278 1098 206
297 1045 414 1108 Numina]
430 1042 672 1107 Notaernptionern
680 1041 734 1091 He·
769 1046 859 1096 Barth,
1232 1054 1235 1058 ·

199 1123 296 1174 roicam
307 1123 424 1187 pectoris
433 1121 538 1185 indigna
548 1121 602 1183 pati
612 1119 733 1169 videntis.
801 1122 892 1172 immite
902 1120 1078 1184 nulloDeoiatt]
1096 1121 1175 1174 Idem
1189 1123 1300 1172 Lucanus

195 1198 296 1263 incipit
305 1199 373 1247 enirn
386 1195 735 1259 aaadacterasemiinjuriost
770 1198 804 1248 de
831 1213 920 1249 errore
946 1198 1121 1249 Pbadtbontis
1149 1199 1179 1248 in
1206 1199 1301 1250 Iliaco:

197 1275 365 1324 adversorum
374 1273 514 1322 Numinum
525 1272 734 1336 compellatione.
771 1275 779 1304 ‘
790 1281 895 1341 raptum
903 1283 1052 1325 transverso
1063 1274 1217 1325 iimitecoeIi
1226 1277 1303 1325 Fiam·

197 1351 268 1400 Talis
279 1349 446 1398 vehementiae
467 1355 508 1396 est
525 1347 648 1410 repetitio
664 1347 733 1397 iliius
770 1353 835 1402 mati
847 1351 1076 1414 Pboiitbontapcii
1087 1350 1199 1401 ridere?
1233 1351 1301 1401 Idem.

124 1422 126 1426 ’
198 1425 236 1476 Si.
254 1425 283 1474 Si
298 1426 380 1487 juvat,
396 1425 418 1472 si
432 1427 520 1487 placet,
532 1424 565 1472 ab
577 1423 734 1486 indignitate
802 1433 850 1479 211
877 1429 1003 1478 Petillios
1033 1427 1165 1486 mant
1194 1426 1302 1490 hiem]

198 1501 237 1550 rai
248 1515 300 1550 nou
312 1507 400 1563 potest
411 1500 489 1548 avelli
502 1514 561 1548 vox.
578 1499 669 1548 Bortl.
768 1504 826 1553 'Pali
849 1503 926 1552 modo
944 1503 1088 1567 perituram
1105 1502 1232 1552 mnndum
1242 1505 1303 1552 ano·

198 1606 203 1613 -
231 1579 280 1625 207
298 1574 439 1638 Imperium]
452 1576 596 1624 Romamm
609 1574 735 1638 Regnum.
770 1577 893 1628 labantur
904 1586 1019 1639 veteres,
1033 1584 1065 1627 ut
1076 1577 1165 1627 sidera
1176 1577 1302 1627 ordimrio

197 1649 232 1700 id
253 1650 420 1714 peculiariter
439 1650 489 1699 buc
501 1649 578 1698 titulo
589 1649 735 1713 guadet,et
771 1667 817 1702 suo
834 1668 910 1703 curan
932 1659 1019 1702 emota
1036 1653 1124 1701 omnia
1141 1651 1304 1703 forentcotn·

196 1728 314 1792 gavisum
336 1734 378 1777 est
400 1742 481 1791 usque
497 1727 530 1775 ad
542 1732 661 1775 extrema
671 1731 736 1774 tem·
771 1729 888 1779 bustnra.
912 1730 1052 1778 Lucanus:
1077 1729 1160 1777 ‘curn
1182 1742 1303 1792 compage

198 1820 272 1869 pora.
305 1805 347 1854 Sic
359 1804 498 1866 Principes
517 1801 735 1865 Constantinopo-
771 1805 956 1854 solutaSecuia
967 1810 1007 1852 tot
1017 1802 1108 1852 mundi
1119 1814 1243 1866 suprema
1252 1802 1304 1853 co'e'·

198 1879 273 1929 litani
285 1893 343 1928 cum
356 1879 389 1928 de
402 1893 430 1928 se
442 1885 470 1927 et
485 1878 619 1940 majestate
635 1891 681 1925 sua
699 1876 736 1926 lo·
772 1881 841 1944 gerit
851 1881 938 1942 boras,
958 1879 1103 1944 Antiquam
1122 1885 1248 1942 repetant
1262 1879 1305 1929 ite·

199 1964 352 2020 querentur,
372 1970 424 2004 non
445 1969 473 2003 se
493 1955 571 2019 ipsas,
588 1953 633 2002 sed
649 1952 736 2017 Impe-
772 1970 828 2005 rnna
836 1956 935 2005 cbaos:
948 1955 1035 2005 omnia
1046 1954 1303 2005 miatisSideraaide

198 2034 266 2083 rium
277 2048 349 2082 suum
360 2032 537 2082 nominabant.
558 2032 633 2081 idem.
771 2031 843 2080 ribus
852 2029 1026 2093 concurrent,'
1036 2033 1087 2080 dte.
1116 2031 1195 2081 Idem.

234 2111 371 2160 Peaimode
381 2109 468 2172 stirpe]
486 2103 575 2158 Penitu
593 2107 735 2157 Barthiust
804 2111 853 2158 ΜΒ
871 2108 926 2157 Hoc
946 2112 1042 2157 auctore
1071 2106 1159 2170 pudet]
1194 2105 1304 2157 inritatio

198 2187 278 2236 aliter
288 2187 392 2236 codices
405 2185 511 2234 vetusti.
544 2183 621 2236 Quod
636 2183 657 2231 si
672 2182 736 2231 veli·
772 2190 814 2233 est
836 2183 952 2247 ejusdem
975 2183 1073 2235 Lucani
1092 2183 1235 2232 contrariae
1253 2194 1304 2231 sen·

199 2277 257 2312 mus
284 2261 430 2325 hujusmodi
457 2258 616 2309 archaismos
642 2258 735 2321 passim
773 2259 864 2309 tentiae
883 2259 911 2307 in
927 2258 1104 2307 adulationem
1124 2255 1242 2307 Neronis
1251 2269 1302 2320 pao·

200 2347 336 2394 revocare,
345 2335 415 2380 mille
431 2336 464 2379 ari
482 2335 613 2378 minimum
625 2332 736 2392 optimo-
772 2334 852 2384 latae:
872 2335 993 2382 ‘scelera
1015 2332 1072 2396 ipsa
1094 2331 1224 2396 nefasque
1237 2331 1303 2381 'liat

200 2422 258 2458 rum
276 2408 431 2470 scriptorum
453 2407 604 2454 iacuerunt
621 2405 736 2466 iuterpo-
773 2406 895 2455 mercede
904 2405 1027 2468 piacent?
1055 2407 1131 2457 idern.

199 2484 290 2544 landa,
301 2484 343 2533 ubi
362 2484 457 2546 penitus
471 2482 529 2544 pari
546 2477 735 2542 significatione
806 2482 897 2532 Mediis
906 2498 1041 2532 resecanur
1051 2484 1165 2533 morula
1177 2485 1228 2534 Pro
1237 2484 1304 2548 dolor]

201 2560 326 2610 occurrit.
343 2560 377 2609 D.
389 2558 475 2606 Heina.
774 2560 878 2609 Primus
900 2561 1043 2611 Vaticanus
1059 2569 1184 2613 reuocatus
1199 2564 1304 2615 dormio

234 2641 283 2687 208
300 2635 383 2685 Deleri
403 2633 493 2696 meula]
520 2632 668 2681 Humanum
692 2645 736 2694 ge·
772 2635 863 2698 Ardor,
873 2641 897 2685 el
906 2638 1038 2686 adstrictos.
1055 2638 1089 2686 D.
1101 2638 1198 2691 Heius.

201 2727 260 2776 nus,
280 2714 348 2777 quod
365 2712 442 2761 modo
454 2709 630 2760 enarravimus
642 2710 735 2757 Roma·
805 2715 855 2760 216
871 2712 991 2760 Permitto
1000 2713 1106 2762 cladibus
1121 2714 1214 2779 orbem]
1244 2717 1303 2766 crst-

200 2805 236 2841 ιο
247 2791 362 2854 Imperio
382 2804 429 2852 per·
441 2787 606 2836 ambitionem
624 2784 736 2833 censeri.
773 2784 816 2834 bus
827 2788 968 2835 Lucensis:
982 2789 1067 2839 bene:
1085 2791 1199 2853 Gyraid.
1220 2792 1303 2842 estibus

158 2865 160 2870 ’
201 2869 245 2919 sic
256 2870 354 2918 Lucan.
363 2868 408 2915 lib.
419 2879 471 2914 vit.
488 2865 495 2892 ‘
510 2870 570 2912 sunt
581 2862 654 2911 nobis
664 2861 736 2909 attila
773 2861 871 2910 bostem
890 2865 956 2911 Stat.
968 2863 1048 2914 Tbeb.
1061 2880 1085 2914 v,
1099 2882 1106 2914 :
1123 2866 1243 2916 ‘victam
1253 2881 1304 2930 pro·

201 2944 322 3010 proiecto
342 2943 466 3002 Numina,
481 2955 538 2989 curu
551 2953 622 2988 caeco
634 2937 736 3000 rapian-
769 2937 838 3000 jecit
850 2938 952 2987 casibus
964 2943 1065 2988 artem!
1098 2941 1163 2990 Mox
1179 2943 1304 3005 probru,

202 3024 247 3067 tur
264 3018 352 3065 secula
368 3029 440 3063 casu.
473 3013 617 3062 Mentimur
628 3024 736 3073 regnate
774 3013 834 3062 Eois
856 3015 947 3077 scripti
984 3015 1122 3065 meliores:
1150 3022 1182 3064 ut
1204 3017 1303 3066 Bartbio

200 3091 316 3144 Jovem!
334 3091 423 3138 Burtb.
775 3090 974 3153 scrupulusjam
984 3091 1303 3156 sitexemptussuperimc

234 3170 284 3214 2⁰9
309 3165 414 3214 Humani
439 3162 546 3224 generis]
574 3163 652 3214 Quod
668 3178 736 3212 com·
774 3163 848 3212 ioco:
865 3170 892 3213 et
911 3167 1012 3216 Parcere
1023 3180 1070 3231 pro
1085 3168 1186 3218 Parcite
1200 3169 1304 3219 Latent.

202 3241 308 3304 plexum
330 3241 475 3287 Romanum
500 3236 641 3299 Imperium
662 3243 736 3300 puta·
775 3239 850 3289 Mem.

201 3317 292 3376 batur,
311 3315 428 3378 adeoque
439 3329 497 3362 eum
509 3315 558 3362 boc
569 3313 625 3377 ipso
639 3313 739 3376 vivere,
808 3315 927 3366 Permitto
949 3317 1053 3366 cladibus
1074 3317 1165 3382 orbona]
1193 3318 1304 3371 Imitatio

170 3440 174 3446 ,
201 3388 306 3453 florere,
317 3389 415 3451 vigere.
435 3390 510 3438 idem.
775 3391 883 3453 Lucani,
894 3393 939 3443 lib.
953 3408 1020 3442 uras
1037 3393 1215 3460 ‘morbosque
1231 3393 1305 3444 daero

162 3470 163 3473 ’
235 3470 284 3515 21⁰
301 3463 511 3528 Libertaaeffreau
522 3462 608 3524 muris]
632 3463 736 3526 Ternpea·
775 3466 824 3514 teis
841 3467 1015 3532 insanamque
1035 3467 1140 3532 famem,
1162 3470 1305 3532 permissas·

202 3547 241 3595 las
251 3557 362 3598 ooemna3
384 3540 592 3605 primvatican.
612 3540 736 3602 etproli·
775 3555 825 3604 que
847 3543 949 3604 ignibus
971 3543 1065 3593 urbes!
1098 3545 1207 3594 Sumnru
1224 3552 1303 3595 eutem

202 3620 262 3673 mile
282 3621 354 3681 nullo,
369 3619 436 3679 justo
459 3618 528 3666 idem
550 3631 609 3665 cum
627 3616 736 3679 Gyrald.
774 3618 843 3666 Laris
869 3619 1019 3668 Stilichonis
1046 3618 1304 3670 imminentem-orbi

201 3696 313 3746 Lacerta.
324 3702 352 3744 et
363 3695 461 3744 duobus
473 3695 590 3742 Floreat.
609 3706 640 3741 ac
652 3693 736 3741 triirus
774 3700 900 3742 terrarum
924 3695 1066 3758 perniciem
1086 3708 1138 3743 non
1156 3697 1215 3745 sine
1234 3695 1305 3760 ipsios

202 3773 277 3823 aliis:
306 3772 412 3834 optime.
443 3772 542 3819 dustrem
554 3769 654 3818 litatem
672 3783 737 3833 prae-
774 3769 942 3831 permissione
952 3770 1305 3836 immittiapaitisauiapom.

202 3850 328 3912 seriptum
346 3855 438 3896 vocat:
460 3849 496 3896 sic
516 3845 561 3894 iib.
580 3845 737 3908 1.deRupt.
774 3846 864 3896 Barth.

201 3919 736 3986 ‘'CumaemiuajustisDiscessereiocis?
806 3925 854 3971 217
872 3923 964 3970 Redeat
976 3923 1029 3983 jum
1049 3922 1118 3970 miles
1140 3922 1220 3986 Eous]
1251 3922 1305 3973 Hae

184 3998 330 4062 ¹quomodo
352 3999 404 4048 iilic
424 3998 492 4047 idern
512 3997 665 4058 Vaticanus,
685 4012 736 4046 uon
774 3997 884 4061 est,jam
897 3999 1069 4047 Romanarum
1081 4005 1109 4046 et
1122 3998 1306 4049 veteririiinm

196 4073 285 4136 juris:
309 4075 346 4123 sic
361 4076 454 4136 justum
473 4075 609 4138 temperiem
629 4074 737 4136 Nuptiis
774 4071 886 4135 partiunt
902 4071 1046 4135 transfuga,
1062 4071 1120 4135 jum
1133 4071 1306 4122 Orientalium

204 4146 325 4214 tionum
342 4154 371 4200 et
389 4150 488 4202 drotum
510 4148 653 4203 discrnnenr
671 4146 738 4200 ilio.
774 4162 875 4199 morum
898 4147 1022 4216 famulus,
1045 4147 1152 4215 redeat,
1168 4145 1307 4214 moeptis
