2700 4702
191 296 278 363 1470
348 311 457 360 uonn
481 308 685 358 vneronuu
710 307 750 354 tu
774 307 833 356 or..
857 306 999 355 curun.
1024 305 1141 355 xvru.
1331 39 1344 439 1

223 453 336 503 Jsdoi'eir
354 467 406 515 qua
433 452 545 516 pingitur
564 451 635 501 ludio
655 449 726 513 uelis]
764 455 818 511 nrt,
830 452 880 499 &c
909 450 1002 498 close.

193 529 286 580 Aulren
308 527 373 577 dicit
393 527 517 590 ludaico,
539 526 631 592 quibus
653 527 726 587 mirre
796 531 844 576 666
863 526 908 574 Nil
928 524 1014 587 negot]
1050 523 1199 573 bitrtinlis:
1226 522 1290 573 ‘Ne

191 605 425 667 formaeexpressn
438 604 587 653 Indicorum
600 611 726 652 monstro·
765 615 828 665 gere
850 602 927 664 jussi,
957 615 1105 665 pernegare
1138 614 1190 649 uon
1217 598 1292 664 joni!

193 695 259 730 rom.
298 680 395 729 velet
416 679 540 744 AEgyptia
559 681 659 742 tapetia
679 680 727 732 Jn·
764 678 858 728 naut.

193 756 271 808 dolen
282 757 425 820 rppellurit
444 756 609 816 citudinuus,
627 762 657 805 nt
671 769 727 803 eos·
797 759 846 804 666
856 753 981 810 Quodlibet
992 751 1100 817 ingnio]
1110 752 1232 808 eridtibet
1241 767 1290 800 cum

84 882 93 891 ,
193 832 254 884 dem
267 835 369 897 species
383 840 442 895 post
455 832 523 881 idem
534 839 625 881 ructor
639 831 728 882 sNito
766 830 893 880 nonnullis
902 829 1168 893 scriptislcgendum.
1190 830 1241 878 Pro
1250 833 1293 877 tro·

194 912 292 977 petitos
314 909 413 960 scribit.
447 907 621 957 Alexandrino
641 913 728 956 nutem
765 909 846 971 &tque
856 907 994 969 Mnus,
1014 907 1057 956 olii
1078 907 1201 970 truditque
1221 921 1291 958 uoca-

194 986 295 1050 tnpctia
311 985 434 1034 celebris.
464 983 560 1033 Aolaels
576 990 663 1032 nutent
674 983 730 1032 66Ιί-
766 987 824 1034 &u
844 985 886 1034 vel
905 983 1037 1042 66166666.
1074 983 1164 1032 Multo
1185 983 1211 1031 in
1232 983 1291 1030 bisce

195 1061 243 1111 bus
275 1060 399 1110 mirande
428 1060 530 1123 species
556 1058 731 1123 impingeban-
767 1061 864 1110 solibus
881 1065 1020 1122 corrupte:
1037 1058 1136 1120 iugenio
1153 1057 1292 1107 6661616666

195 1135 729 1197 166,666666116616Ρ166166(11616866-
767 1136 858 1198 hbigit
878 1136 952 1199 prim.
975 1142 1003 1185 et
1021 1141 1086 1184 tert.
1101 1133 1190 1182 Vetic.
1210 1133 1292 1197 nliiqoe

196 1211 270 1261 thius.
769 1213 855 1262 multi.
876 1212 912 1260 D.
924 1210 1012 1260 Heius.

229 1291 279 1336 666
296 1288 388 1336 Mixtis
406 1287 507 1350 selibur]
526 1288 592 1338 Ques
611 1287 672 1335 hinc
692 1301 731 1335 se·
804 1289 902 1351 ltodit]
918 1288 991 1336 Dore
1009 1287 1080 1336 inter
1099 1285 1212 1335 Veneris
1230 1299 1294 1334 rocr-

197 1370 312 1426 qunntnr
322 1363 433 1426 Veneris
443 1363 523 1411 rerba
533 1369 602 1423 sunt,
611 1362 732 1425 ambigue
772 1365 842 1415 bolo.

198 1439 310 1502 prolato,
325 1444 355 1486 ut
376 1437 512 1486 rideantur
529 1438 686 1498 communio,
706 1437 732 1484 in
803 1437 950 1500 Fneudrru]
978 1436 1046 1486 Heec
1074 1450 1125 1484 vox
1148 1436 1182 1485 nd
1205 1434 1294 1484 Amoris
1340 1441 1344 1459 ¹

198 1512 256 1561 siun
276 1519 363 1561 nutent
385 1526 469 1561 meres
493 1512 612 1562 lucinas
630 1519 733 1576 gerunt,
771 1513 895 1565 ctl'cctum
914 1513 1038 1577 pertinet,
1057 1528 1109 1577 quo
1121 1510 1175 1560 frui
1191 1511 1296 1569 aetrtulr,
1341 1483 1344 1569 1

198 1601 263 1652 ques
285 1588 370 1637 obiter
399 1588 476 1637 modo
502 1594 647 1651 tangemur.
690 1587 734 1637 Sic
771 1589 823 1639 frui
837 1589 960 1653 temporis
971 1588 1010 1636 sui
1021 1588 1213 1651 jucundissime
1223 1592 1298 1650 porte,

198 1677 262 1713 vero
284 1670 311 1714 et
337 1665 441 1713 leuioris
464 1664 561 1726 ingenii
591 1663 734 1715 bominibus
772 1665 954 1728 opinabantur.
982 1663 1139 1712 Petronius:
1163 1661 1297 1723 ‘fruorque

200 1738 364 1802 displicuisse
385 1747 472 1788 tumen
490 1739 608 1788 omnibus
630 1741 677 1789 lros
698 1738 735 1787 rit
773 1741 839 1789 rotis
860 1740 948 1802 Usque
972 1738 1005 1786 ad
1024 1739 1148 1787 invidiam
1171 1733 1298 1786 felicibus!

201 1815 322 1879 Eutropii
334 1822 453 1864 conotus.
481 1815 558 1867 Iden.
773 1816 866 1866 Bortb.

233 1894 282 1939 666
299 1889 329 1939 ln
343 1890 449 1953 6661666]
466 1888 668 1940 Obscoenissirne
683 1889 736 1938 dic·
806 1896 854 1941 667
873 1889 1155 1954 Quorsumnam
1166 1890 1207 1938 illo
1218 1885 1301 1948 murs]

204 1971 267 2014 tunt.
491 2013 501 2031 Ι
776 1967 855 2016 Dobit
865 1967 996 2015 1116666666
1008 1973 1099 2028 nrgrrte
1111 1971 1140 2014 et
1148 1979 1210 2014 vere
1221 1969 1302 2012 noster

235 2040 364 2103 Magnum]
404 2042 515 2090 Plautus
542 2041 652 2091 Casino:
681 2040 738 2089 ‘itn
776 2043 937 2092 Gronovius:
955 2042 992 2092 sic
1008 2042 1077 2104 opud
1092 2041 1227 2090 Valerium
1239 2039 1303 2088 Flec-

203 2116 325 2181 qoicquid
336 2124 391 2168 erut
402 2118 499 2181 pende
510 2116 587 2165 erat!
615 2117 705 2166 Bortb.
776 2134 843 2180 cum,
859 2117 905 2167 lib.
925 2133 945 2168 1.
962 2133 1013 2167 non
1030 2120 1106 2179 longe
1118 2117 1153 2166 nb
1164 2117 1239 2165 initio
1249 2114 1305 2163 scri·

236 2197 284 2242 666
304 2194 383 2256 Nouo]
412 2194 501 2243 Instnr
519 2192 738 2243 libidinosissima-
776 2194 904 2244 bendum:
922 2193 1020 2242 ‘Hauc
1031 2193 1093 2241 milri
1104 2192 1225 2241 militiam
1240 2196 1305 2240 vete·

204 2283 260 2318 rum
272 2269 416 2319 mulierum.
777 2284 833 2318 rum
849 2284 907 2332 que
925 2267 1057 2331 pulchrior
1068 2267 1145 2329 sctis,
1157 2266 1258 2327 Annus,
1268 2266 1307 2314 do·

239 2343 362 2405 Groudiu]
387 2344 566 2408 Sesquipednli
587 2357 634 2393 suo
664 2347 740 2392 notus
778 2358 829 2409 que
840 2358 942 2392 monum
951 2342 968 2392 ς’
984 2358 1042 2392 cum
1053 2345 1130 2406 doure
1141 2345 1245 2392 unionum
1255 2355 1307 2406 per·

205 2418 345 2466 Mortislis.
375 2420 465 2469 Bortlr.
779 2433 868 2483 perum
891 2433 960 2467 nuuc
985 2420 1097 2482 legatur.
1142 2419 1228 2468 Paulo
1253 2421 1309 2482 post

238 2496 286 2541 662
306 2492 395 2554 Timet]
414 2493 475 2542 Non
488 2493 563 2542 timet
574 2494 635 2557 quin
646 2492 729 2555 cupit.
778 2495 932 2558 mnusque
953 2495 1058 2543 tuborum
1075 2495 1183 2544 videtur
1202 2495 1310 2545 scriben-

241 2567 351 2629 Atngo]
369 2566 487 2616 Nefarie.
779 2569 850 2631 (lum,
860 2583 912 2618 non
929 2570 1073 2634 sumtuose:
1091 2571 1192 2635 occipit
1212 2570 1309 2619 trabeas

242 2643 364 2707 Undique]
376 2644 418 2692 Ne
427 2644 488 2708 quid
502 2644 667 2707 inexpertum
676 2641 742 2693 frus·
779 2646 899 2694 meritum
911 2647 1035 2697 laborum.
1064 2647 1100 2696 D.
1113 2647 1202 2697 Heius.

207 2726 249 2769 trr
269 2719 409 2768 morituros
426 2720 603 2782 relinqunt,ut
623 2718 656 2766 de
671 2718 741 2781 paris
812 2722 911 2784 Munus]
932 2723 999 2772 Hoee
1021 2737 1122 2786 quoque
1145 2737 1198 2772 vox
1218 2723 1311 2786 illurn

207 2793 392 2858 flagitiositntis
412 2795 519 2843 muliere
534 2793 663 2844 Ausonius
681 2794 743 2844 scri·
781 2796 842 2859 quid
854 2797 968 2846 denotet.
986 2798 1075 2846 Bortlr.
1286 2791 1290 2797 '

212 2869 259 2918 blt.
813 2876 861 2920 668
880 2873 974 2939 Officio]
991 2873 1050 2922 Hoc
1062 2888 1168 2938 quoquc
1180 2882 1266 2936 turpe.

243 2944 326 3007 Curis]
354 2944 501 2996 Amoribur.
534 2945 697 3008 Propertius,
714 2945 744 2994 li·
816 2948 966 3011 Goudetque]
982 2947 1088 2996 Gurtdis
1104 2955 1166 2996 sunt
1185 2964 1242 3012 quae
1259 2961 1311 3010 pro·

208 3019 257 3069 bro
268 3035 311 3070 ur.
330 3022 453 3072 ‘Crescit
469 3023 537 3071 enim
551 3022 657 3071 adsidue
670 3035 744 3085 spec·
782 3020 854 3085 pinet
866 3020 946 3071 Amor
957 3021 1061 3072 effectu.
1089 3023 1226 3084 Horatius,
1242 3025 1258 3071 l.
1273 3036 1311 3072 111.

211 3095 291 3144 tundo
309 3098 378 3146 Cure
398 3098 520 3161 puellam,
537 3098 598 3161 lpse
621 3098 744 3146 alimenta
783 3096 835 3147 Od.
847 3103 870 3146 6.
889 3100 954 3147 ‘uec
974 3098 1048 3162 eligit
1063 3099 1112 3148 Cui
1133 3100 1214 3149 donet
1228 3100 1313 3163 imper·

209 3172 258 3221 sibi
270 3175 380 3236 munima
391 3175 492 3237 prebet
504 3174 600 3223 Amor!
629 3175 717 3224 Burtlt.
782 3173 858 3221 missa
869 3175 962 3236 ruptim
971 3173 1092 3223 Gaudia!

243 3252 291 3296 666
309 3249 395 3310 Putet]
412 3250 606 3311 Turpissimum.
815 3252 864 3298 669
883 3249 1032 3312 Hocquoque
1042 3248 1161 3311 consiliis]
1178 3251 1210 3298 V.
1222 3251 1260 3299 Cl.
1272 3247 1312 3296 nt·

245 3325 347 3387 Facilis]
376 3325 416 3374 Ad
434 3326 572 3376 scelestum
594 3327 744 3391 nequitiem.
784 3326 873 3376 bertus
885 3326 1016 3375 Rubenius
1033 3325 1133 3388 optime
1152 3326 1219 3376 vidit
1233 3338 1313 3374 euren-

212 3399 355 3451 Horatius:
369 3401 528 3465 ‘parabilem
541 3403 746 3466 amoVenerem,
785 3401 896 3451 dandum
918 3401 1030 3464 concidis,
1045 3415 1104 3464 quae
1121 3402 1243 3466 ambigna
1259 3415 1313 3461 vox,

213 3474 391 3540 facilemque?
784 3484 814 3527 nt
830 3479 983 3527 lenocinium
998 3477 1036 3526 illi
1047 3477 1165 3541 objiciat.
1195 3477 1314 3528 Conciliu-

246 3551 351 3614 Moneri]
364 3552 449 3602 Etiam
459 3554 508 3602 hoe
518 3555 664 3603 scelestum.
681 3553 746 3601 Bor·
785 3560 856 3603 tores
875 3554 944 3602 euim
963 3553 1042 3602 iidem
1065 3554 1212 3604 lenonibus.
1248 3553 1315 3602 Glos-

212 3629 286 3678 tltius.
785 3647 821 3681 ste
838 3633 972 3696 Stephani,
987 3632 1134 3694 conciliator,
1148 3631 1315 3694 συμβιβαπής.

246 3707 295 3754 tut
322 3705 475 3769 Mollissimns
496 3704 545 3768 iro]
579 3705 646 3755 Haec
667 3705 748 3756 dictio
787 3708 885 3758 Noster
894 3707 979 3757 infru:
997 3709 1051 3756 ‘Te
1064 3708 1153 3771 magis,
1164 3711 1197 3757 ab
1206 3710 1315 3769 demens,

214 3781 265 3830 etsi
285 3780 448 3831 clementium
473 3782 611 3844 designare
633 3781 747 3845 videtur,
786 3790 902 3833 veterem
913 3783 934 3832 si
947 3782 1053 3845 respicis
1064 3789 1159 3844 artem,
1175 3784 1315 3833 Concilione

214 3862 303 3906 tamen
323 3864 398 3906 aceto
420 3856 503 3905 diluta
523 3865 579 3906 est:
599 3855 660 3921 quid
681 3858 748 3906 eninr
787 3859 883 3909 decet.¹
907 3859 1032 3908 Ovidius:
1051 3860 1131 3908 ‘Nou
1151 3876 1194 3909 me
1212 3856 1316 3923 nupsisti

214 3933 341 3982 Eunucho
353 3933 452 3981 mollins
462 3934 471 3980 ?
480 3933 547 3982 Utnt
558 3933 601 3997 sit,
613 3933 748 3995 imperium
787 3935 943 3984 conciliante
961 3934 1033 3984 seni!
1058 3935 1116 3986 Lib.
1128 3949 1148 3984 r.
1161 3937 1227 3986 Met.
1243 3941 1250 3964 ‘
1263 3935 1316 3984 Hoc

214 4007 394 4057 inchoantibus
413 4008 484 4057 utilis
503 4016 552 4068 est,
569 4014 598 4058 ut
615 4008 652 4057 uit
663 4008 749 4060 Tuclt.
787 4009 848 4057 mihi
859 4011 995 4059 concilium
1012 4017 1100 4059 tecum
1118 4011 1217 4061 dixisse
1235 4024 1317 4061 mnne·

216 4082 360 4132 clementie.
372 4082 456 4144 fnmn3
475 4091 553 4147 etque
570 4084 644 4133 initia
657 4083 750 4147 mugis-
788 4085 843 4135 bit!
873 4085 917 4134 ste
936 4086 1132 4149 corrigendum:
1150 4104 1211 4139 nnm
1229 4083 1315 4154 scripti

216 4162 331 4207 trntuum
350 4157 404 4209 iere
420 4158 589 4224 melinrr,sed
604 4158 663 4211 finis
674 4160 749 4211 ineli·
785 4160 916 4214 66661166.
933 4162 1018 4227 Vulgo
1029 4163 1176 4238 ntupum
