2700 4702
416 315 561 365 narnus
588 317 766 367 rnosnnr.
792 317 865 369 crs.
883 319 939 368 ιιι.
1138 305 1227 372 ιον

115 457 316 540 Importuna
332 457 478 521 chorosl
502 459 597 541 atqui
610 457 787 522 Trinacria
800 460 910 543 longe,

117 559 217 624 Esset
232 579 275 622 ne
290 561 392 624 vobis
405 561 510 635 oneri,
526 559 662 623 deserta
677 561 821 626 colebat.

121 659 210 738 Quid
226 662 371 725 latuisse
382 663 504 744 juvati
550 661 695 726 Rabiem
712 663 830 727 livoris
845 665 958 729 acerbi
1160 666 1227 732 alo

120 760 221 825 Nulla
238 768 349 844 potest
361 764 496 846 placare
510 763 616 845 quies.
664 763 729 826 His
744 764 893 847 increpat
907 785 1025 831 omnes

119 862 292 927 Vocibus:
317 869 370 927 ast
383 865 452 930 illae
468 864 638 949 (prohibet
651 869 832 930 reverentIa
846 865 968 950 patris)

122 962 190 1028 Aut
204 967 357 1043 reticent,
373 973 431 1031 aut
445 987 545 1031 nosse
558 974 695 1048 negant:
721 987 944 1052 responsaque
959 970 1056 1033 matri

122 1066 214 1131 Dant
227 1069 406 1151 lacrymas.
444 1066 537 1147 Quid
552 1071 653 1151 agell
692 1070 826 1135 Rursus
840 1091 877 1136 se
892 1071 983 1136 victa
997 1069 1142 1151 remittit,

121 1167 228 1250 Inque
241 1170 386 1233 humiles
402 1169 549 1234 demissa
562 1190 690 1254 preces,
706 1171 884 1254 Ignoscite,
899 1173 929 1235 si
944 1170 1026 1254 quid
1155 1171 1224 1237 295

121 1267 281 1333 Intumuit
295 1271 427 1353 pictas:
452 1270 578 1354 siquid
594 1272 789 1356 flagrantius
805 1280 919 1337 actum

119 1490 257 1554 tempestivo
268 1490 401 1539 adventu?
417 1493 466 1550 sed,
482 1507 512 1541 ss
522 1492 588 1552 farei
600 1493 665 1543 valis
674 1497 780 1553 molesta,
796 1494 918 1544 habitabat
929 1497 997 1556 laage
1007 1495 1145 1544 solitudines
1158 1494 1227 1544 Sias-

121 1556 160 1604 las.
191 1554 259 1610 Quia
267 1556 361 1617 prodest
371 1553 513 1605 delusisse?
530 1558 593 1606 salla
603 1559 696 1621 requies
705 1559 767 1607 valet
778 1559 891 1620 mitigare
900 1558 1010 1619 furorem
1019 1560 1115 1608 insidia
1126 1575 1228 1609 amris:

121 1620 199 1668 Cares
217 1621 302 1680 arguit
313 1619 418 1679 singalas
438 1621 508 1669 Dans
526 1621 564 1668 lis
575 1624 661 1671 amis.
694 1622 743 1672 Sed
754 1624 802 1671 illo
814 1623 976 1680 (manantia
988 1625 1013 1672 iu
1031 1630 1123 1686 patrem
1134 1625 1227 1675 Iovem

120 1683 202 1744 ndat)
217 1685 254 1731 uel
264 1684 345 1742 munt,
366 1686 401 1731 rel
412 1691 497 1745 negant
510 1700 538 1732 se
548 1700 685 1747 cognoscere
696 1694 796 1749 raptum
810 1688 992 1751 Proserpina:
1011 1693 1034 1735 et
1041 1689 1230 1751 fundanistetss

120 1761 165 1810 po
176 1761 296 1810 responsa.
331 1747 396 1802 Quia
413 1748 492 1796 Cares
503 1746 602 1807 faciat?
636 1751 977 1814 Eaiclaiierumqaiescit,et
994 1752 1086 1811 melecta
1105 1753 1228 1814 inpressa

145 1813 263 1862 omissas:
281 1812 389 1873 Parcite,
404 1813 450 1874 ait,
467 1814 489 1859 si
497 1812 576 1875 pietas
585 1815 648 1862 irata
659 1819 695 1863 est
704 1815 731 1863 in
741 1816 819 1878 aliquo
830 1830 874 1871 re,·
888 1817 910 1864 si
926 1816 983 1878 quial
989 1814 1084 1874 faciam
1093 1823 1133 1863 est
1143 1817 1228 1864 ardes·

123 2063 148 2104 at
161 2069 215 2104 sec.
227 2056 294 2116 Reg.
312 2055 404 2104 Petav.
421 2070 461 2119 pr.
488 2060 539 2106 Aul
552 2058 592 2106 val
609 2059 648 2107 Aa
658 2059 733 2106 Voss.
746 2073 797 2108 sac.
825 2059 914 2121 eloquia
925 2059 986 2106 Vat.
1000 2073 1039 2119 pr.
1052 2064 1079 2105 at
1092 2072 1142 2105 sac.
1160 2055 1227 2106 Cod.

122 2119 268 2168 Bartholin.
286 2120 338 2168 inc.
350 2120 441 2170 Heius.
460 2119 527 2182 Reg.
544 2123 646 2171 'I'holos
669 2124 762 2172 Petav.
781 2138 820 2184 pr.
839 2124 913 2171 Voss.
924 2125 1058 2170 sec-288
1074 2121 1152 2168 tlsaros
1167 2121 1228 2171 Vat.

123 2198 173 2233 sec.
202 2183 286 2231 claros
295 2184 334 2231 val
346 2184 426 2232 thoros
437 2186 510 2233 Voss.
523 2201 575 2234 sac.
604 2187 686 2248 alpais
697 2187 757 2234 Vat.
769 2201 809 2249 pr.
830 2187 879 2234 ine.
893 2186 982 2234 Heius.
1002 2186 1067 2247 Reg.
1080 2184 1173 2232 Petav.
1186 2199 1228 2247 pr.

122 2248 187 2310 maai
200 2248 241 2295 vel
250 2252 314 2295 certe
325 2249 401 2296 Voss.
414 2252 536 2309 psa-289
551 2250 616 2298 salu
626 2251 677 2299 inc.
688 2250 779 2299 Heius.
791 2251 833 2299 ad.
849 2251 932 2299 Vicat.
944 2250 986 2298 hic
998 2249 1089 2310 incipit
1101 2248 1230 2312 fragmen·

123 2319 175 2362 lam
187 2313 354 2359 chartaceum
367 2313 426 2361 Vat.
443 2327 467 2360 n.
478 2316 552 2362 2864.
572 2329 646 2378 quam
659 2315 774 2363 codicem
795 2315 905 2364 literas
921 2315 961 2363 laic
974 2315 1075 2362 notavit
1094 2313 1229 2363 Heinsius.

122 2377 286 2438 -Illlpuies
300 2376 363 2424 Vat.
375 2391 427 2424 sec.
447 2377 512 2438 Rag.
527 2377 617 2426 Palav.
630 2393 669 2441 pr.
691 2380 765 2427 Voss.
781 2394 820 2442 pr.
840 2378 930 2427 Ambr.
951 2386 1012 2428 tert.
1031 2378 1082 2425 diro
1093 2379 1154 2428 Ion.
1165 2378 1229 2426 Vas.

124 2441 173 2489 LL.
186 2455 202 2487 e
214 2454 295 2500 marg.
307 2440 394 2489 Parm.
410 2440 461 2488 tiles
471 2442 531 2489 Vnt.
544 2457 582 2502 pr.
593 2443 659 2491 Cod.
671 2443 812 2493 Bartholin.
838 2444 902 2505 quies
914 2445 954 2491 vel
963 2443 1015 2491 dies
1026 2445 1099 2490 Voss.
1112 2456 1165 2490 sec.
1191 2442 1230 2490 his

122 2505 226 2554 Tholas.
245 2504 322 2551 Voss.
335 2519 374 2566 pr.
395 2503 484 2552 Amba.
504 2512 565 2553 tart.
594 2506 674 2554 ambos
685 2521 731 2568 pro
748 2522 825 2555 omues
845 2509 905 2555 Vat.
923 2509 1088 2570 pariat-²9²
1105 2512 1143 2554 ost
1161 2508 1231 2554 iiiam

122 2570 196 2619 Voss.
211 2584 252 2630 pr.
268 2567 448 2616 macarianae
457 2570 530 2617 Vult„
541 2570 615 2619 Voss.
628 2586 666 2632 pr.
677 2570 727 2618 dno
738 2571 799 2621 Iun.
813 2569 871 2619 Ala.
884 2573 944 2620 Vas.
957 2573 1008 2620 Η..
1021 2587 1035 2618 e
1046 2586 1126 2631 rurarg.
1140 2570 1228 2618 Parm.

122 2634 239 2682 mulmis
258 2631 300 2679 vel
316 2633 447 2681 reuerentia
466 2633 541 2681 Voss.
558 2638 692 2683 sec—29³
709 2636 771 2683 scire
792 2641 879 2695 negaui
899 2637 972 2684 Voss.
984 2639 1105 2697 gin—294
1126 2635 1230 2683 hassis

124 2697 212 2746 Amba.
227 2702 286 2745 tert.
310 2711 403 2744 sarsana
416 2695 504 2745 nnus
517 2699 714 2748 tart.dquun.
738 2700 801 2746 uicta
811 2700 912 2747 asaiam
923 2701 996 2748 Voss.
1008 2714 1047 2760 pr.
1072 2704 1170 2760 experta
1183 2713 1230 2761 pro

122 2777 146 2810 ss
156 2763 222 2810 aicta
237 2762 300 2809 Vnt.
312 2761 475 2823 quint-296
493 2763 587 2824 delapsa
598 2777 677 2824 preces
688 2762 739 2810 duo
748 2764 821 2810 Vatt.
833 2763 925 2811 Peras.
939 2778 977 2824 pr.
989 2765 1053 2824 Reg.
1064 2761 1154 2810 Ambr.
1168 2768 1228 2812 tart.

123 2826 215 2888 allapsa
227 2825 278 2873 duo
288 2825 349 2875 Iun.
366 2826 445 2887 elapsa
456 2826 530 2875 Voss.
542 2840 581 2888 pr.
598 2828 692 2888 delapsa
703 2827 742 2872 vel
754 2825 852 2874 dimissa
863 2827 938 2875 Voss.
950 2827 1001 2875 seo.
1016 2828 1085 2887 paedes
1096 2839 1232 2886 progressa

123 2891 185 2942 Iun.
196 2904 253 2939 sec,
265 2889 388 2937 Heinsius
401 2889 559 2952 ascripserat
572 2891 657 2939 locum
673 2890 738 2939 Bell.
750 2890 855 2939 Gildon.
869 2905 905 2938 vs.
918 2893 1042 2939 aa.-2ao
1060 2890 1170 2937 lstimir
1180 2888 1233 2938 duo

124 2955 198 3005 Voss.
215 2959 296 3002 aslum
306 2957 341 3001 est
351 2954 414 3002 Vat.
425 2968 478 3004 sec.
490 2962 517 3003 at
529 2953 613 3020 quint.
630 2957 776 3004 maassiae
789 2959 824 3004 est
835 2955 886 3005 inc.
899 2954 991 3003 Heius.
1006 2955 1071 3017 Rag.
1083 2953 1177 3002 Petav.
1189 2967 1231 3017 pr.

625 3114 735 3165 Now

124 3247 249 3312 praesidet
261 3248 337 3296 bellis
348 3253 376 3296 et
385 3245 470 3296 armis.
699 3246 769 3297 Quid
783 3245 878 3294 vullis?
896 3243 977 3293 simile
990 3244 1066 3294 simili
1077 3244 1184 3308 gaudet,
1193 3246 1232 3294 ul·

155 3327 205 3372 288
224 3321 360 3385 ffiaams'a]
387 3322 486 3383 Inest,
504 3321 601 3381 Sicula,
620 3322 657 3371 sic
698 3337 760 3370 cera
773 3327 893 3385 quarunt
904 3320 1086 3369 laonmocioues
1100 3319 1221 3368 ulcerosi.

124 3399 259 3448 Trinacria
275 3399 343 3447 unda
361 3397 430 3461 apud
452 3398 605 3462 Virgilium:
623 3398 656 3448 da
731 3395 828 3459 scaras]
862 3393 962 3457 Amasi,
984 3394 1142 3458 importuni,
1171 3395 1232 3458 qula

124 3477 172 3527 uae
184 3493 251 3527 vona
262 3477 362 3527 dictum
374 3478 477 3540 amplus.
697 3473 797 3522 invidus
819 3473 888 3520 nulla
910 3486 937 3519 re
954 3471 1103 3534 mitigatur:
1121 3485 1232 3535 cumque

156 3557 205 3602 290
222 3553 329 3616 Isauris]
358 3554 463 3616 Pastas,
482 3570 540 3618 qua
557 3554 656 3605 animos
699 3548 929 3598 nullumanimala
946 3555 1039 3596 uatrrra
1056 3546 1232 3596 Immitsadao

127 3629 255 3678 hominum
268 3627 401 3690 lusesium,
412 3636 529 3692 tempore
541 3629 659 3679 molliun-
700 3625 743 3686 sit,
754 3632 784 3673 ut
793 3622 918 3687 obseqqu
927 3637 978 3672 non
987 3623 1232 3683 devinciatur„onus

128 3712 179 3768 tar,
198 3711 227 3754 at
249 3705 345 3754 invidia
363 3712 472 3768 augetur
492 3705 585 3766 iudica,
605 3707 660 3754 nul·
700 3700 799 3749 invidus
823 3699 942 3748 redditur
962 3697 1133 3762 importunior
1152 3704 1233 3759 atqua

127 3780 232 3844 lamque
248 3779 401 3842 remedium,
419 3781 467 3829 nisi
485 3795 585 3842 eorum,
605 3781 660 3845 qui·
701 3776 828 3826 acarbIor.

128 3855 176 3908 hm
202 3858 344 3920 invidetur,
372 3857 521 3907 calamitate
549 3858 658 3921 reperit.
732 3857 779 3902 291
808 3851 881 3900 Nulla
901 3849 978 3914 quies]
1013 3848 1091 3897 Nulla
1112 3844 1234 3909 solitudo,

128 3931 231 3983 Invidia
250 3938 280 3981 ut
300 3946 389 3980 musca
408 3941 448 3981 est
469 3931 583 3996 Appula,
601 3949 659 3997 qun
700 3929 777 3978 nulla
797 3928 916 3988 latebra,
937 3925 1007 3974 nulls
1026 3921 1090 3986 fuga
1109 3928 1197 3987 potest
1216 3938 1233 3973 a

129 4008 225 4058 relictis
249 4009 368 4071 partibus
390 4009 466 4072 sanis,
488 4012 529 4059 vel
554 4011 659 4060 minima
699 4004 811 4054 nocendi
821 4002 954 4066 proposito
965 3999 1087 4049 invidiam
1096 4006 1232 4052 aceneres

129 4083 346 4146 simmaa-ulcera,
362 4084 455 4149 quibus
466 4086 499 4135 ad
510 4086 660 4137 satietatem
699 4084 783 4133 nullus
801 4083 873 4132 locus
892 4087 934 4130 ast
952 4093 1065 4146 quonoa
1084 4079 1168 4148 pestls
1185 4080 1231 4133 lua

130 4157 660 4226 siluamtssanqnapssastantnam.
699 4164 838 4223 amatur.
