2700 4702
167 290 281 369 '1418
372 318 481 367 unns
506 316 706 367 vsnroauu
731 317 769 365 ru
794 317 850 366 or..
874 317 1011 367 enauo.
1037 316 1121 366 xvs.

192 462 323 528 ignobilis,
336 461 466 511 Corsicam
479 467 578 510 contra.
596 460 686 511 Burtls.
766 461 798 511 tis
819 467 936 511 veterum
956 461 1056 510 Carolus.
1072 458 1205 524 quomodo
1221 458 1288 511 etiam

228 538 312 601 Olbio]
326 536 453 585 Sardiniae
466 537 596 599 oppidum.
615 538 708 586 Closer.
765 538 791 586 in
812 537 921 586 vetustis
939 536 1071 586 codicibus
1082 537 1165 585 Solini
1184 545 1213 585 et
1229 537 1290 586 Mar·

225 617 275 663 52⁰
290 613 392 677 Libyum
409 613 503 676 contra]
528 614 558 660 Ei
579 628 593 662 e
611 616 725 677 regione.
765 616 957 678 ciaoiCapeliae
974 630 1044 678 supe
1061 615 1191 678 scriptum
1210 628 1292 664 occur·

194 688 283 738 aaut.
765 693 809 741 rit.
829 707 937 758 eumque
955 706 1043 741 veram
1063 707 1122 740 esse
1142 691 1291 754 scripturam

226 768 273 813 ⁶21
293 764 400 826 coloris]
422 764 482 813 Sive
502 765 610 829 Caralis,
628 769 657 813 nt
669 765 723 827 jam
765 768 909 817 Glareanus
919 768 951 815 au
964 768 1064 816 Livium
1077 767 1224 815 contendit.
1253 768 1292 815 Vi·

193 841 254 890 olim
266 841 308 889 bic
316 842 455 904 legentium
469 841 501 889 ad
514 843 614 890 Livium
626 843 725 891 monuit
765 845 875 894 deantur
886 846 933 895 hoc
944 845 1001 893 loco
1012 843 1117 892 Barthii
1127 857 1198 892 curae
1210 858 1291 893 secuu-

194 917 323 967 Heurlcns
344 917 496 977 Glareanus,
517 916 674 965 variantibus
696 917 724 966 li·
765 922 812 970 sla.
827 922 862 972 D.
873 922 958 970 Heius.

192 995 264 1044 bris:
288 996 409 1059 princeps
421 995 521 1044 urbium
535 996 669 1059 Sardinia,
679 1011 724 1045 no·
796 1001 844 1046 525
862 995 1114 1060 Prorisquscerluetia]
1133 996 1165 1045 ln
1176 1003 1291 1060 pontum:

193 1070 240 1120 biii
253 1079 329 1135 portu
341 1071 459 1133 celebris,
470 1087 521 1136 quo
538 1073 688 1121 convenisse
698 1073 723 1120 in
765 1074 895 1138 puppibus
907 1080 986 1123 terrae
994 1072 1061 1122 lixis.
1071 1073 1213 1136 Virgilius,
1230 1074 1248 1122 l.
1260 1087 1292 1123 rr.

194 1146 309 1198 Africam
324 1148 529 1196 transmissuram
542 1147 650 1197 Houorii
662 1148 724 1197 clas·
765 1150 931 1199 ‘Obvertunt
941 1150 1031 1212 pelago
1041 1162 1144 1211 proras,
1154 1157 1210 1196 tum
1223 1148 1292 1199 deute

192 1237 248 1273 aem
260 1223 358 1273 iudicat
369 1229 465 1274 noster.
481 1224 555 1273 Idem.
765 1227 851 1277 tenaci
859 1224 962 1274 Ancora
970 1223 1098 1273 fundabat
1107 1224 1292 1275 naves‘Bsrti.

199 1322 202 1327 ’
230 1302 373 1365 Terrorque
390 1317 434 1365 per
456 1301 555 1363 sutiam]
584 1302 727 1350 Pereudos
797 1305 847 1349 πθ
868 1298 998 1364 Suspenso]
1029 1299 1149 1348 Funibus
1168 1300 1292 1351 videlicet.

194 1375 270 1439 prim.
279 1377 364 1426 Vatic.
382 1377 477 1441 aliique
495 1377 620 1440 plerique.
632 1379 725 1426 tertius
764 1376 931 1427 Maroidem:
949 1375 1051 1424 ‘fessas
1069 1388 1124 1423 nou
1142 1375 1293 1425 vinculant-

193 1450 337 1501 Vaticanus
348 1450 450 1501 subus.
462 1465 509 1516 pro
522 1451 651 1501 Culurisin
661 1452 726 1501 mni·
767 1467 812 1502 res
821 1450 884 1502 Ulia
896 1448 1004 1503 tenent!
1033 1451 1110 1501 idem.

693 1968 799 2035 XVI.

193 2173 293 2250 -DE
320 2175 510 2251 MALLII
534 2172 830 2250 THEODORI
852 2169 1010 2246 CONS·
1033 2166 1276 2243 PROLOG.

226 2362 345 2412 Fsavrus
365 2364 480 2412 Manlius
499 2364 660 2426 Theodorus,
679 2363 728 2412 Vir
768 2362 831 2425 pist.
844 2364 884 2409 ll.

193 2436 358 2485 Clarissimus
381 2445 409 2485 et
430 2439 612 2496 unctissimas,
632 2437 727 2486 Consul
799 2434 925 2484 Praefatio
946 2434 1004 2482 lraec
1025 2431 1131 2482 ridetur
1158 2431 1221 2481 mibi
1249 2446 1297 2481 om·

194 2508 246 2558 suit
262 2524 329 2557 anuo
341 2510 420 2559 Urbis
437 2510 557 2559 Conditae
570 2522 648 2559 mcor.
677 2511 727 2558 Re·
767 2512 838 2561 ninus
854 2510 1034 2570 amenissima,
1046 2514 1073 2558 ei
1086 2510 1199 2573 quadam
1211 2508 1297 2558 alacri·

194 2593 296 2650 paratae
316 2586 412 2635 Salutis
437 2599 563 2636 cccxcsx.
591 2585 728 2650 quadrien·
767 2584 1058 2636 tatecommendabilis:
1077 2585 1299 2635 variaenimdoe·

194 2662 238 2729 rrio
268 2668 329 2725 post
357 2661 497 2726 olybrium
523 2670 551 2711 et
572 2662 726 2710 Probinum.
766 2662 836 2711 trina
859 2661 1014 2723 conspicuus
1034 2660 1073 2708 vir
1096 2675 1127 2709 ac
1149 2660 1297 2710 laudandus.

195 2736 328 2801 Collegam
347 2737 438 2785 babuit
458 2738 484 2785 lu
503 2736 616 2786 Oriente
633 2738 727 2785 Eutro-
768 2738 862 2786 Closer.

193 2813 265 2877 pium
277 2815 446 2862 Eunuchum:
460 2813 608 2863 utaiterum
624 2813 726 2876 egregie
799 2815 917 2862 lDoctoe
935 2812 1039 2872 subjecto
1056 2810 1172 2874 cateruae]
1197 2811 1297 2862 Judicio

193 2889 315 2951 laudarit,
343 2892 454 2939 alterum
483 2891 622 2939 Consulum
650 2890 726 2939 rebe·
766 2888 886 2950 expnsita
905 2902 1061 2936 summorum
1082 2888 1298 2936 doctissimorum-

192 2964 305 3013 mentius
330 2965 409 3014 etiam
443 2966 606 3029 vituperant,
635 2964 726 3015 eodem
767 2963 950 3026 quevirorum.
984 2964 1041 3012 Mos
1059 2963 1299 3031 (.'ousuluusumplis·¹

193 3044 322 3102 tempore,
341 3040 505 3089 Claudianus.
539 3040 664 3103 spadonis
682 3055 726 3089 no·
766 3041 845 3089 simos
867 3039 1005 3101 accersire,
1031 3055 1139 3103 quornm
1161 3040 1299 3103 prasentia

194 3128 263 3177 meo,
279 3115 336 3178 ipsn
359 3115 587 3179 damnatumque
611 3117 725 3178 Cyprum
766 3118 937 3180 Magistratus
986 3117 1061 3167 initia
1106 3116 1301 3167 decorarentur.

192 3192 316 3255 seposito,
326 3206 427 3239 erasum
440 3198 481 3240 est
492 3191 585 3251 Fastis,
597 3192 666 3238 uude
677 3205 726 3239 nec
766 3193 854 3242 Borlit.

193 3266 220 3314 iu
238 3267 458 3328 chronologorum
473 3267 645 3314 monumentis
658 3280 726 3314 com·
800 3271 815 3316 il
836 3269 897 3317 Vero
907 3282 978 3330 quum
995 3268 1181 3331 celsiusnctum]
1200 3267 1299 3318 Austros

194 3349 279 3406 paret,
297 3342 352 3390 solo
365 3341 464 3389 Manlio
480 3341 573 3403 Togati
589 3341 727 3403 Magistra·
767 3346 842 3409 prim.
865 3345 952 3394 Vatic.
980 3345 1074 3408 aliique
1105 3345 1299 3408 quatuordecim

195 3426 237 3468 tus
246 3418 330 3468 locum
340 3417 483 3466 obtinente.
499 3416 543 3465 Ita
551 3417 622 3464 Fasti
630 3417 729 3487 Graeci,
768 3431 813 3471 aut
832 3421 978 3486 quindecim
998 3436 1056 3469 cum
1075 3422 1219 3485 Pomponii
1237 3420 1299 3471 Lati

194 3495 375 3557 Cassiodorus,
388 3495 461 3557 cujus
470 3494 581 3556 vulgutis
595 3494 665 3543 libris
674 3509 727 3542 ma·
766 3498 911 3561 excerptis.
924 3497 997 3545 idem
1008 3498 1084 3560 prim.
1094 3498 1216 3548 Vaticau.
1225 3498 1299 3561 paulo

194 3571 219 3619 le
239 3571 337 3620 inserta
358 3579 398 3619 est
421 3571 514 3620 vocula
538 3570 673 3619 ‘Manlius
699 3577 728 3619 et
766 3578 914 3622 antetoutoe
925 3572 1027 3633 subjectu
1042 3575 1300 3634 enterooe,itatameu

192 3637 360 3695 Theodorus!
377 3647 467 3695 Bortlt.
766 3658 842 3700 utet
864 3648 894 3696 sb
914 3651 990 3697 docto
1012 3648 1109 3697 habeat
1133 3649 1302 3719 adscriptum·

226 3720 377 3787 Alloquitur
387 3723 483 3785 quippe
496 3723 651 3771 consessum
662 3737 727 3771 sum·
766 3728 808 3776 stc
820 3726 889 3774 idem
908 3725 934 3774 in
946 3725 998 3773 fine
1019 3726 1226 3788 epigrammatis,
1240 3725 1301 3788 quic.

193 3814 294 3850 ntorum
312 3800 423 3849 virorum
446 3801 487 3864 qui
510 3801 615 3848 honoris
634 3801 726 3849 Manlii
765 3803 822 3866 quiri
833 3803 917 3865 ubique
928 3801 1017 3849 minut:
1030 3800 1130 3861 addito,
1143 3804 1190 3862 rel,
1200 3802 1301 3850 incubet

194 3892 258 3941 ergo
277 3883 454 3925 couvenerant
476 3875 627 3926 Mediolani.
667 3877 725 3926 Hac
766 3879 852 3940 ubique
872 3878 950 3926 etiam
969 3876 1045 3925 multi
1067 3877 1129 3926 alii:
1157 3886 1185 3926 et
1207 3878 1302 3940 placet.

194 3955 263 4001 cuim
284 3953 311 4001 in
331 3953 444 4001 civitate
471 3952 638 4000 Consulatum
660 3966 726 4002 sum·
767 3957 801 4005 D.
814 3956 900 4004 Heius.

194 4028 258 4077 sisse
269 4029 393 4078 credibile
406 4036 461 4077 est:
480 4030 567 4076 Romae
585 4037 657 4077 certe
675 4044 727 4078 uon
803 4033 864 4081 Vero
874 4045 943 4093 quom
961 4031 1045 4079 celsius
1062 4032 1154 4094 uotum]
1170 4032 1230 4084 Jam
1242 4033 1301 4080 dum

193 4105 313 4152 sumsisse
333 4104 421 4166 docet,
437 4119 495 4153 cum
514 4105 546 4153 ad
555 4106 611 4167 jam
630 4096 727 4154 Consu-¹
767 4107 961 4170 progloriosum
980 4107 1044 4155 illud
1064 4108 1176 4170 publica
1194 4109 1302 4171 inscrip-

194 4177 246 4227 lem
264 4178 366 4249 scribit,
384 4180 559 4244 Symmachus,
580 4179 626 4230 tib.
643 4194 669 4231 v.
692 4180 727 4228 E·
768 4181 845 4231 tinms
862 4181 942 4234 decus
959 4179 1030 4230 sama
1051 4182 1168 4232 terruisse
1190 4183 1251 4234 irinc
1268 4183 1302 4233 ri·
