2700 4702
195 279 284 347 1136
546 290 605 342 cn.
629 293 845 343 onnunrenr
870 294 951 344 mx.

196 439 329 505 Auctns
343 438 472 519 honos;
493 435 612 520 liquidi
627 442 782 500 crescunt
795 437 1069 519 miraculasaxi3
1282 440 1307 504 t

240 541 283 606 Et
297 545 505 605 conservatae
520 538 598 620 plus
612 538 779 601 meruistis
793 557 903 621 aquae.

194 704 401 770 marcesceret
411 704 438 753 in
448 704 594 753 orlemedio.
630 703 783 754 Palelritada
794 705 848 770 ejus
862 704 953 754 erevit:
966 703 1080 769 prodigia
1097 701 1167 770 ny&
1178 703 1305 769 pem

195 773 321 832 uenter,
329 773 353 818 et
364 783 410 817 ros
421 783 513 832 cuqaoe
520 772 621 817 renata
632 768 732 818 hebetis
740 769 883 833 pauperet

654 893 833 918 nanneno

232 978 308 1029 lt.—6
333 978 410 1027 Aetas
420 978 501 1028 Oisel.
514 979 631 1028 Florent.
648 976 721 1027 Med.
742 992 796 1026 see.
816 976 910 1029 Peter.
929 992 982 1028 rec.
994 977 1087 1028 Ambr.
1098 992 1139 1042 pr.
1151 978 1302 1042 Moretur.

225 1058 284 1093 xon.
303 1057 357 1093 aee.
368 1043 433 1093 Cod.
451 1043 541 1106 Epigr.
552 1041 644 1092 Ambe.
655 1042 698 1090 ed.
710 1043 798 1092 Parni.
824 1044 916 1092 Auem
927 1043 999 1093 honos
1009 1044 1109 1093 Buslid.
1133 1043 1208 1092 lom
1221 1041 1301 1096 ouer.

192 1114 249 1156 tres
258 1106 333 1156 vett.
344 1107 402 1156 Pel.
413 1107 486 1156 Rotr.
497 1105 578 1156 itata.
595 1109 650 1157 euni
661 1106 753 1156 deerat
763 1108 825 1156 Vat.
837 1120 877 1171 pr.

694 1244 804 1296 NOTAE

228 1365 244 1409 ³
256 1359 369 1426 Mentiri]
380 1360 439 1408 Non
451 1360 537 1422 potnit
548 1359 677 1417 simulare,
688 1373 729 1407 re-
768 1358 880 1424 qnidem,
899 1358 945 1407 red
964 1359 1118 1422 gratissime,
1129 1365 1241 1422 angetur
1260 1359 1302 1408 ho·

194 1441 367 1501 praesentare,
377 1448 426 1483 nee
438 1441 490 1482 tam
514 1448 639 1496 gemmam
652 1448 728 1497 qrram
768 1449 825 1495 nor,
846 1441 875 1483 et
892 1435 985 1498 glaciei
1004 1433 1144 1496 induratae,
1163 1440 1253 1498 elque,
1273 1442 1301 1484 nt

193 1511 311 1576 epeciarn
328 1523 445 1572 mmmm,
459 1522 518 1573 qnae
530 1507 727 1572 ideofecerunt,
767 1510 806 1559 ita
824 1510 919 1572 dicam,
936 1524 1033 1571 saxee,
1053 1510 1135 1574 majus
1157 1517 1199 1558 est
1216 1509 1301 1572 prudi-

192 1595 224 1637 et
235 1588 308 1636 relrrt
316 1586 435 1634 mendax.
767 1583 1036 1648 giommejorbouor.
1062 1585 1194 1634 Martialis
1205 1584 1240 1634 de
1251 1583 1301 1634 fer·

192 1684 196 1689 ·
228 1668 244 1712 4
262 1663 375 1711 Proditor
384 1660 461 1724 lutee]
477 1661 509 1710 In
519 1660 606 1709 medio
614 1660 676 1709 orbe
686 1675 726 1708 re·
766 1660 832 1709 mire
845 1660 945 1710 electro
956 1661 1122 1723 consepulta:
1146 1659 1211 1709 ‘Sic
1226 1659 1300 1708 ruodo

196 1744 284 1788 munet
294 1750 367 1802 aqnae
384 1738 477 1802 liquor,
489 1736 531 1801 qni
549 1736 636 1800 prodit
646 1741 674 1785 et
688 1750 727 1784 os·
768 1748 825 1798 quae
845 1733 933 1784 fuerat
959 1729 1014 1785 'vita
1040 1741 1175 1784 contemta
1198 1734 1300 1794 relicta,

196 1813 281 1863 tendit
291 1827 341 1861 non
353 1827 440 1862 veram
458 1827 514 1862 esse
533 1825 668 1875 gemmam,
680 1811 726 1861 sed
766 1808 910 1859 Funeribus
943 1806 1013 1860 iacta
1039 1817 1080 1860 est
1107 1810 1163 1874 jam
1189 1809 1300 1874 pretione

196 1895 295 1952 guttam
317 1902 398 1952 aque,
417 1902 476 1950 quoe
499 1887 595 1936 hebeat
613 1887 727 1950 speciem
767 1885 835 1935 suis!

197 1977 318 2030 gemmae,
336 1969 363 2013 et
378 1977 411 2012 ex
430 1963 478 2014 hac
494 1962 590 2027 specie,
608 1963 727 2012 mendaci

687 2186 803 2266 LIX.

617 2389 651 2454 9.
696 2386 888 2454 ALITER.

196 2561 336 2627 Asrrcn
351 2561 536 2642 porrectam
552 2552 741 2638 splendenti
755 2553 915 2634 fragmine
931 2573 1059 2631 venam,

242 2662 321 2740 Qua
333 2660 469 2725 trahitur
482 2658 577 2721 limes
590 2654 753 2719 lucidiore
768 2656 853 2736 gelu.

198 2763 269 2828 Hic
283 2763 410 2827 nullum
427 2761 570 2833 Borean,
587 2772 649 2820 nec
663 2756 813 2820 brumam
828 2757 925 2820 sentit
939 2775 1067 2838 opacus
1122 2787 1125 2795 ·

240 2865 386 2940 Humor,
402 2861 460 2925 sed
475 2860 585 2925 varias
600 2859 691 2941 itque
705 2858 852 2940 reditque
867 2859 954 2922 vias.

232 3016 308 3062 Cerne
317 3015 411 3072 guttum
422 3013 542 3057 extentum
552 3007 578 3055 in
592 3006 674 3067 fronte
690 3005 801 3066 mdeste,
823 3021 869 3069 qna
882 3007 967 3055 sentito
977 3007 1072 3056 dneitnr
1081 3007 1160 3069 glaeie
1176 3008 1295 3057 uitidm.

199 3078 250 3128 Hic
261 3077 337 3140 liquor
352 3077 436 3123 dmm
448 3088 494 3120 non
502 3073 596 3135 potitur
607 3072 679 3120 odam
690 3070 829 3132 Aquilonem
846 3086 920 3134 neque
933 3072 1011 3120 ullam
1022 3071 1136 3136 hyemen,
1144 3072 1186 3121 sed
1196 3074 1218 3122 it
1229 3078 1252 3122 et
1263 3086 1299 3120 re·

655 3195 835 3218 ΟΟΝΟΙΝΝΙΙ

232 3287 246 3331 1
263 3281 365 3344 Auspice
376 3280 439 3330 Put.
463 3286 595 3345 porrectum
613 3279 702 3331 Ambe.
714 3298 754 3346 pr.
770 3283 831 3332 Vat.
842 3280 925 3332 Lirin.
949 3286 1080 3344 correptam
1091 3280 1142 3331 duo
1153 3281 1229 3331 Vatt.
1239 3279 1298 3330 Pal.

199 3347 272 3397 nott
283 3345 365 3395 Oieel.
382 3351 509 3394 correctam
520 3347 583 3396 Ver.
597 3346 650 3396 LL.
666 3347 707 3398 ed.
724 3345 804 3396 Ante.
816 3362 851 3396 nr.
887 3361 908 3394 r.
932 3350 1064 3395 conmetnm
1080 3346 1185 3408 legebat
1204 3344 1297 3396 Helua.

195 3409 313 3472 nemine
325 3425 371 3474 pro
376 3408 501 3472 fragmine
520 3410 579 3461 Pal.
590 3410 642 3460 dno
653 3410 726 3461 Med.
741 3410 843 3475 flamine
882 3407 935 3458 ain.
945 3410 1036 3459 Ambe.
1048 3416 1110 3459 tert.
1120 3408 1223 3459 Bnelid.
1247 3414 1298 3471 trg-

192 3474 259 3536 rne'ne
270 3474 427 3537 conjiciebat
438 3475 570 3536 Heinsius,
581 3482 611 3523 ut
623 3491 658 3523 rs.
671 3481 694 3524 l.
706 3490 762 3540 seq.
771 3476 860 3538 Epigr.
877 3477 885 3503 ⁴
900 3473 1036 3523 Clauditur
1051 3474 1170 3523 immunis
1181 3472 1299 3522 convexo

197 3539 311 3600 tegmine
321 3538 456 3588 rivus.'-2
474 3539 526 3593 Qno
537 3539 643 3588 trutitnr
653 3541 751 3590 Monet.
762 3554 804 3602 pr.
820 3539 872 3588 Hic
884 3539 945 3587 Vnt.
965 3540 1022 3588 Lir.
1040 3540 1134 3587 iterum
1152 3537 1297 3600 distinguit.

196 3608 245 3653 -8
271 3603 323 3653 Hic
331 3604 406 3652 silem
417 3603 513 3653 Borean
525 3603 610 3654 Onon.
629 3619 681 3655 sec.
708 3605 802 3654 Boreae
813 3603 874 3653 Vnt.
885 3607 976 3666 pr.-4
1000 3617 1131 3667 namuro
1142 3601 1297 3652 rmiuel’ut.

690 3734 797 3785 NOTAE

230 3843 243 3888 1
261 3839 400 3888 Porrecturn
407 3838 538 3902 splendenti
541 3838 677 3902 fragmine]
691 3838 726 3888 Α·
803 3839 903 3902 Venum]
925 3839 1022 3888 Videas
1042 3843 1141 3902 guttam
1163 3852 1238 3902 aquae
1254 3852 1299 3886 ex·

194 3913 727 3979 lillegunt,conseptuneeplendentitegmine,
766 3925 873 3980 tentam,
892 3925 920 3968 et
938 3919 1019 3968 instar
1028 3933 1102 3968 venre
1119 3917 1258 3968 salientem
1274 3917 1300 3965 iu

191 3987 293 4052 fornice,
303 3992 419 4053 margine,
428 3992 487 4056 quia
499 3996 575 4055 gutte
585 3991 630 4040 illa
641 3991 728 4041 cincta
766 3991 891 4055 fragmine
903 3995 1017 4058 crystalli
1029 3994 1159 4043 micantis.

194 4069 237 4113 est
258 4068 381 4128 crystallo
402 4068 542 4130 exteriore,
563 4066 591 4116 in
611 4067 727 4132 speciem
797 4073 814 4118 t
834 4070 883 4119 Hie
899 4072 990 4119 nudem
1004 4067 1113 4132 Borean]
1135 4068 1206 4121 Quin
1225 4075 1299 4132 gutte

197 4136 311 4191 fornicis.
764 4144 811 4194 iile
821 4152 948 4207 remanet,
957 4160 1007 4197 nec
1015 4151 1057 4195 est
1066 4144 1301 4212 obuoxletiigoeb,
