2700 4702
361 309 401 357 ru
430 309 653 363 nurnorrurr
678 309 751 359 urs.
775 311 800 358 r.
971 320 974 324 >
1046 295 1133 362 1469

100 459 120 494 re
145 445 265 495 Corrrrom'.
300 447 421 510 Καρμανία
436 448 502 511 χώρα
519 452 563 508 τῆς
600 452 714 516 ludiosis
733 453 871 516 legendnm
892 454 1045 516 videbatnr;
1065 462 1133 506 tenta

100 522 266 584 risStephnno
278 523 311 571 de
324 525 445 574 Urbibus.
466 527 563 575 Noster
600 530 669 578 enim
688 530 767 592 Lydia
783 531 932 579 notissima:
949 532 1011 581 mibi
1031 533 1134 581 Niliacis

100 596 229 659 rScrenae,
241 598 284 647 ubi
293 598 446 662 Hispaniam
456 601 562 664 alloqui·
595 603 652 663 jam
670 605 729 654 olim
753 605 869 667 placrrit3
897 620 946 654 nec
964 607 1133 657 mediocriter

100 672 226 735 rpposite:
249 674 350 736 ‘primo
367 676 440 725 levat
457 691 561 740 aeqnore
599 678 704 727 laetatus
722 694 787 741 sum,
804 695 862 728 cnm
881 680 947 729 Lilio
967 681 1083 745 Gyraldo
1104 682 1132 730 id

100 763 107 794 ι
127 747 213 809 India,
230 754 259 796 tn
287 748 368 799 fessos
385 757 480 801 exacta
502 754 561 801 luce
598 752 683 815 ipsum
695 769 797 819 quoque
809 755 835 803 in
846 762 960 804 mentem
972 756 1072 805 venisse
1088 755 1134 805 de·

100 837 125 871 es
143 824 264 874 Proluis!
291 827 442 890 Periegetes
462 829 560 891 optime
599 829 733 892 prehendi.
762 831 805 881 Sic
825 832 946 880 nimirum
964 832 1131 881 scribendum

100 912 135 948 m.
152 898 182 945 Ἤ
195 917 232 948 τοι
241 898 285 960 μὲν
296 901 359 964 παρὰ
369 903 448 963 χεῦμα
463 900 492 949 rb
503 909 561 966 Περ·
598 907 682 958 videri
693 908 720 956 in
731 922 777 956 ora
793 907 890 957 codicis
905 909 944 955 sni
963 913 1083 958 notarat:
1101 914 1131 957 ut

111 977 234 1025 Ὠκεαναΐς
251 980 370 1041 Καρμαναὶ
391 978 502 1039 ναίουσιν,
522 980 561 1028 ὑπ’
598 984 656 1032 vela
673 983 849 1033 Alexandrina
868 983 1023 1033 Claudianus
1039 982 1133 1032 intelli·

107 1050 203 1101 ἀνιόντι.
229 1054 295 1104 Quae
313 1053 430 1104 Avienus
446 1056 560 1120 descrip·
597 1065 658 1120 gat3
676 1072 752 1123 quem
772 1060 864 1122 patria
885 1073 937 1108 snas
956 1057 1069 1108 libenter
1086 1058 1131 1107 ad·
1219 1103 1221 1107 ,

120 1127 200 1176 Orbis
224 1129 261 1177 sic
287 1130 381 1180 vertit:
416 1131 485 1179 ‘Sed
509 1146 559 1194 qua
596 1133 701 1183 modurn
720 1135 865 1183 meminisse
881 1134 975 1198 passim
988 1133 1131 1197 depreben-

100 1202 161 1251 leam
181 1203 251 1252 sinus
271 1203 351 1254 infert
369 1206 491 1256 Persicus
512 1222 558 1256 nn·
596 1208 659 1269 das;
687 1215 717 1257 ut
736 1209 778 1258 rel
800 1209 860 1256 binc
879 1209 1030 1272 AEgyptium
1048 1206 1129 1257 fnisse

113 1278 184 1328 Gens
202 1280 386 1330 Germanorum
409 1283 461 1331 late
479 1283 556 1332 colit:
596 1284 723 1346 suspicari
745 1283 838 1346 possis,
854 1283 876 1332 si
894 1288 1046 1346 argumenta
1067 1282 1140 1352 vali-v

101 1354 165 1405 facis
177 1362 249 1406 ortus
261 1359 321 1407 Urit
331 1359 557 1413 Pboebeaettanto
596 1358 669 1410 diora
691 1359 787 1421 desint,
814 1359 907 1423 quibus
931 1358 958 1407 id
986 1351 1129 1407 evincatur.

100 1446 126 1480 re
147 1431 265 1481 funditur
284 1449 356 1496 agro,
377 1435 415 1484 Ut
434 1436 509 1485 simul
530 1445 557 1487 et
595 1435 738 1484 Patarinus
750 1440 822 1484 certe
832 1433 899 1483 liber
911 1434 1023 1482 ludicris.
1044 1433 1129 1482 Nilum

102 1507 110 1554 i
122 1508 259 1570 contingat
276 1509 387 1572 gurgitis
405 1517 506 1573 aestum,
522 1514 557 1561 Et
595 1516 682 1559 sutem
693 1516 721 1559 et
734 1511 819 1559 ladam
830 1508 892 1558 alibi
903 1522 1006 1572 quoqne
1020 1507 1046 1556 in
1062 1507 1128 1556 auti·

100 1581 114 1629 rl
126 1582 234 1631 internae
249 1590 385 1646 perreptet
398 1584 494 1647 jugera
505 1593 557 1636 ter·
594 1585 651 1649 quis
673 1585 805 1636 codicibus
827 1584 950 1634 confundi
978 1584 1046 1647 apud
1069 1598 1129 1633 nos-

101 1656 145 1705 ubi
166 1664 253 1706 tamen
274 1658 393 1722 antiquus
409 1660 503 1720 codex,
523 1662 557 1710 Ut
593 1657 855 1707 trumanimadscrti.
879 1657 1072 1707 Alexandrinos
1084 1674 1128 1707 vs·

107 1738 131 1782 et
147 1734 247 1794 giarci;
264 1742 294 1783 nt
315 1734 348 1783 de
369 1736 426 1784 sinu
447 1737 556 1786 Persico
593 1732 631 1782 ria
650 1739 766 1782 monstra
786 1733 922 1797 variasque
943 1734 1044 1783 belluas
1061 1735 1127 1784 velis

100 1809 229 1859 Carmanis
252 1810 303 1858 dno
325 1811 449 1872 postremi
468 1827 556 1862 versus
593 1811 646 1859 suis
666 1811 809 1862 intermisse
835 1812 924 1860 Plauti
952 1813 1025 1861 locus
1048 1812 1127 1862 docet

99 1883 209 1946 igentur.
233 1885 381 1934 Priscianus
400 1886 555 1951 Periegesi:
592 1885 724 1937 Pseudolo
736 1886 797 1937 Act.
809 1901 829 1955 r.
845 1901 882 1936 sc.
894 1890 919 1937 2.
938 1888 945 1915 ‘
958 1885 1001 1935 Ita
1013 1901 1061 1949 ego
1070 1901 1127 1936 res·

100 1960 153 2023 pice
181 1975 248 2010 nunc
278 1961 391 2024 reliquas
415 1961 485 2012 Asiae
508 1964 555 2012 sub
592 1970 633 2012 tra
644 1965 729 2014 latera
739 1965 802 2014 loris
816 1963 909 2013 faciam
922 1971 951 2013 ut
966 1964 1042 2014 valde
1054 1964 1127 2013 varia

100 2050 113 2083 s
122 2050 179 2084 oras
191 2036 307 2085 Persidis
319 2036 351 2084 ad
363 2043 481 2100 pontum,
493 2039 555 2088 Car·
591 2038 659 2089 siut:
697 2040 734 2089 Ut
756 2054 789 2088 ne
814 2038 998 2102 peristromata
1021 2039 1125 2103 quidem

112 2112 172 2160 solis
195 2112 228 2161 ab
248 2111 333 2161 ortu2'
359 2112 398 2161 ita
416 2112 554 2178 distingue.
591 2128 665 2177 mque
685 2115 758 2178 picta
775 2114 828 2163 sint
845 2114 1012 2177 Campanics,
1030 2115 1125 2178 Neque

100 2186 155 2235 rias.
590 2188 770 2239 Alexandrina
779 2189 896 2239 bellua-ta
912 2189 1076 2252 conchyliata
1086 2196 1125 2239 ta·

100 2261 235 2322 rfrrgr‘bus
254 2267 335 2324 aptum
353 2261 457 2324 AEqaor]
491 2264 554 2313 Fac·
589 2264 679 2327 petia!
704 2265 820 2314 Martial.
842 2264 931 2314 ‘victa
949 2271 990 2313 est
1013 2265 1124 2315 Pectine

100 2349 139 2400 roc
152 2337 280 2400 quomodo
291 2343 380 2385 noster
391 2343 516 2389 memorat
527 2338 554 2386 in
590 2340 759 2402 Niliacojsm
775 2340 917 2402 Babylonis
936 2340 1014 2407 ecus!
1038 2341 1125 2390 Caete·

100 2412 197 2474 iptione
211 2412 274 2461 Nili.
292 2413 380 2461 Bnrtls.
589 2429 646 2463 snm
665 2429 712 2478 pro
733 2415 836 2464 Niliacis
854 2415 912 2463 celis
925 2414 1142 2479 opinorreponi¹

124 2489 222 2550 AEqaor,
242 2492 265 2536 et
287 2486 415 2548 assuetam]
440 2488 551 2538 Lucens.
589 2490 698 2553 debere,
715 2490 785 2539 telis.-
819 2490 857 2539 its
880 2489 948 2538 enim
971 2488 1125 2554 frequenter

100 2567 129 2615 ld.
141 2575 169 2616 et
180 2566 270 2628 viginti
283 2567 324 2614 alii
336 2580 395 2614 cum
407 2565 489 2626 prima
501 2565 553 2614 edi·
589 2562 674 2626 polita
687 2578 735 2627 pro
749 2563 889 2626 tapetibus.
923 2563 955 2611 ln
971 2565 1055 2627 primo
1071 2567 1123 2614 Va·

100 2643 229 2690 adnectam.
247 2642 325 2689 Prior
342 2639 417 2688 Leid.
434 2640 552 2690 adamum.
589 2640 678 2688 ticano
705 2640 815 2687 Jadai'cis
840 2639 978 2701 legebatur
1009 2639 1124 2704 quidem,

102 2719 241 2765 adductum.-
261 2717 333 2779 prior
349 2713 551 2774 Moretindjunc-
587 2714 632 2762 sed
643 2714 681 2762 sic
699 2720 728 2762 ut
746 2728 798 2762 una
814 2712 891 2762 litera
909 2712 983 2762 initio
1000 2714 1071 2762 vocis
1086 2715 1124 2763 ri·

101 2793 138 2841 D.
150 2792 242 2841 Heius.
588 2788 680 2839 deator
699 2803 774 2838 erasa
791 2802 859 2851 csse,
878 2789 965 2851 spatio
986 2787 1060 2837 brevi
1081 2803 1120 2838 re·

124 2868 209 2930 Inane]
242 2869 326 2916 Extra
342 2867 478 2916 veritatem
504 2866 551 2917 rei.
587 2864 663 2914 licto:
681 2863 934 2928 proprimaqnoqne
950 2865 1026 2913 litera
1041 2864 1052 2911 ι’
1069 2865 1121 2913 ιιΙίιι

112 2958 181 3001 vero,
195 2944 251 2992 rivo
264 2944 411 3006 opponitur.
427 2944 466 2992 Ut
477 2942 552 2992 vacni
587 2939 664 2990 litera
675 2956 751 2989 mann
762 2940 849 3003 priore
858 2940 1005 3001 exstiterat,
1016 2943 1045 2988 ut
1057 2946 1121 3002 puto

100 3019 116 3082 i,
135 3019 231 3083 fictitii,
248 3026 275 3068 et
290 3034 406 3069 virorum
418 3027 549 3081 expertes
587 3031 617 3064 c:
629 3017 734 3080 qurntus
743 3014 887 3064 Vstrcanus
898 3015 1009 3064 ladasca
1026 3017 1121 3065 Forte:

586 3091 756 3156 ‘quicquid
749 3106 825 3140 ruane
844 3091 961 3149 Nubit,¹
956 3106 981 3138 ιιι
997 3090 1120 3141 Attalicis

117 3170 549 3234 Natriterai'cisqaoepirrgiturla·
587 3183 645 3231 qum
668 3165 786 3231 pingitur
810 3167 885 3216 Inrlia
908 3167 989 3215 telisz’
1017 3167 1121 3218 ‘aulas

100 3247 226 3309 ]Mnlta
234 3248 333 3310 probae
343 3245 549 3309 lectronedrspu
586 3243 710 3294 Attalica’
732 3244 800 3307 apud
819 3245 996 3308 Propertium,
1013 3251 1041 3294 et
1059 3245 1120 3295 ‘to-

99 3323 243 3371 octissimus
254 3322 376 3370 Bartbius
388 3321 549 3370 etVirsnm·
586 3338 630 3372 rna
648 3322 786 3373 Attollens
805 3329 833 3372 et
853 3324 959 3371 ‘vestes
979 3322 1119 3385 Attalica,'

100 3397 220 3445 lolrannes
231 3397 356 3446 Scldenns
368 3395 401 3444 de
416 3396 481 3447 Jnre
496 3397 549 3445 Na·
585 3398 594 3425 ‘
608 3397 726 3459 Attalica
745 3396 956 3462 peripetasmata'
986 3398 1056 3462 apud
1078 3399 1119 3448 Ci-

111 3474 249 3521 seeundnm
273 3473 410 3532 Hebraeos,
427 3471 548 3521 libret).
585 3487 705 3521 aaronem
724 3487 761 3522 vr.
777 3475 901 3522 Verrina:
920 3473 988 3535 apud
1006 3474 1120 3535 Proper.
1140 3485 1144 3496 ¹

100 3563 137 3595 me
162 3547 280 3609 praeterit
304 3548 421 3595 Judai'cas
446 3561 548 3610 quoque
586 3549 650 3597 tium
663 3562 766 3612 quoqne
783 3548 849 3596 libro
861 3561 879 3595 1.
901 3549 975 3610 Eleg.
989 3550 1029 3595 14.
1047 3545 1118 3596 ride·

107 3640 154 3686 pro
164 3622 342 3671 Orientalibus
353 3620 469 3684 posuisse
477 3622 548 3670 Mar·
586 3630 628 3671 tur
639 3622 816 3673 scribendum:
834 3622 920 3674 ‘Quid
933 3622 1034 3684 prosint
1051 3621 1118 3678 Pha,

100 3701 242 3749 :Carmine
258 3700 291 3747 dc
312 3699 460 3747 Medicina:
479 3698 548 3747 ‘Vel
584 3698 630 3747 riis
641 3697 724 3746 serica
733 3696 866 3746 textilibus
875 3696 892 3744 ?'
910 3697 966 3745 Etsi
975 3695 1049 3744 variis
1058 3710 1116 3745 auc·

100 3775 208 3824 ludaicis
221 3773 339 3836 fragrant
357 3775 423 3823 bene
442 3774 549 3823 condita
585 3775 693 3824 toritste
706 3772 821 3822 Plautini
837 3772 887 3820 loci
902 3771 1006 3820 «tetendi
1017 3771 1100 3834 possit
1107 3787 1119 3822 z„

102 3852 207 3912 ,Trina
227 3859 337 3912 costum,
358 3848 457 3910 folium,
478 3865 547 3912 myr·
584 3850 676 3899 ormam
710 3848 778 3896 enim
813 3847 960 3906 versicolor,
986 3842 1116 3905 sandrimer

100 3927 103 3945 '
141 3928 246 3976 Accede
268 3936 353 3974 tamen
374 3926 424 3973 illis
449 3927 546 3988 potins,
584 3924 700 3984 Graecis;
717 3920 1115 3987 quodpracessitproximeco·

100 4019 161 4052 cum
174 4010 326 4065 corruptum
346 4008 462 4050 censent.
490 4002 546 4051 Ηιι.
583 4001 639 4048 cleis
657 3997 867 4055 lromt'acsjnnctos
884 3994 990 4044 Barthio
1010 4007 1115 4058 suspec-

101 4079 188 4128 uidcm
199 4078 386 4140 Grotio‚cujus
398 4078 547 4127 virisancta
583 4073 794 4130 tumestmendi.
810 4073 844 4122 D.
855 4073 942 4122 Helm.

107 4155 215 4223 Batavis
240 4168 297 4205 csse
318 4152 400 4204 debet
416 4152 547 4218 memoria,
617 4149 720 4214 Natrit]
738 4146 1007 4216 Αὶιῑ,ριιααίῑ,1ιαῑιιιϊι
1068 4199 1074 4209 ,
