2700 4702
209 311 297 378 1268
410 324 520 376 noun
542 326 744 376 νιιιιοιιυιι
767 326 809 376 ru
832 325 892 374 on.
914 325 1055 377 cuiun.
1078 328 1114 375 v.

210 467 288 533 genio
299 465 444 530 intelligite
461 465 578 516 meminit
589 466 706 531 ejusdem
715 468 743 517 in
780 467 918 532 gestiebat.
935 469 1024 518 Barth.
1308 479 1311 484 ·

209 557 256 593 ιιι.
276 549 305 593 et
325 555 364 593 av.
383 543 523 593 consulatu
541 542 662 606 Honoris,
676 543 743 592 aliis·
812 545 946 608 idemque
956 546 1014 607 trn's,
1030 543 1145 607 Stilielm
1158 543 1311 608 itemp-

210 634 261 686 que
271 619 451 684 Panegyricis.
779 620 856 668 tentio
867 621 937 682 curis,
955 621 990 668 Et
1005 634 1086 669 amm
1100 617 1311 683 minusqe]

242 695 392 760 Defeaseqse
402 711 476 758 miso
485 695 622 759 Hesperie]
642 695 684 745 Ab
692 694 742 745 Ar·
780 694 892 743 Dubium
903 696 945 743 rix
954 702 1004 755 est,
1013 709 1045 744 ex
1054 694 1164 758 Imperii
1177 695 1309 759 partitione

211 772 329 837 bogssto,
340 786 384 821 ιιι.
397 773 475 822 Cons.
490 773 498 800 ‘
511 772 583 821 Proh
593 774 690 822 crimen
702 786 742 821 su·
780 775 809 817 et
820 783 944 834 consensu
958 771 1143 836 plerorumque
1152 773 1307 835 scriptum,
1349 833 1350 839 ¹

211 862 312 913 perum,
329 849 399 910 longi
411 847 475 911 proh
486 847 601 897 dedecus
613 847 671 911 aevi,
680 849 744 897 Ber·
779 845 951 896 Theodosium
966 847 1140 897 decedentem
1153 844 1307 899 sunnon
1349 899 1350 910 ,

211 921 288 972 barus
300 923 442 986 Hesperias
454 924 526 972 exsul
538 924 689 986 possederat
701 939 743 973 nr·
780 923 856 984 entis,
874 924 1008 974 stilichoni
1028 940 1089 975 rern
1107 925 1264 975 Occidentis
1273 939 1307 975 oa·

211 996 276 1060 bes,'
287 1001 336 1047 &c
780 1011 847 1059 ram,
858 999 906 1047 sub
918 1000 1129 1050 adolescentibus
1141 1000 1306 1064 Principibus,

242 1075 381 1139 2Merilo]
404 1074 527 1124 Victoriis
537 1075 604 1123 enim
616 1075 682 1125 adiri
691 1090 742 1125 ere·
780 1076 982 1125 commendasse.
1016 1077 1251 1126 Claudiennsvero
1267 1075 1306 1124 soii

210 1150 291 1201 lentes
310 1149 385 1198 sedes
408 1150 518 1212 gentiles
542 1150 692 1214 censebant,
708 1165 741 1199 ex
780 1149 914 1200 stilichoni
933 1160 1071 1217 utrumque
1083 1153 1173 1201 orbem
1186 1147 1306 1213 mseriilt,

211 1240 319 1291 quornm
341 1225 469 1287 dogmatis
494 1225 589 1290 ubique
609 1226 688 1275 etiam
708 1225 742 1275 de
781 1226 842 1291 quia
862 1234 972 1276 noverat
991 1227 1040 1275 hoc
1057 1241 1118 1275 enm
1127 1224 1271 1286 adfectare,
1284 1231 1305 1274 et

209 1301 316 1365 optimis
330 1306 358 1348 et
376 1299 597 1348 christianissimis
616 1300 743 1362 Principi·
780 1300 916 1350 Theodosii
927 1300 993 1350 hanc
1003 1308 1115 1350 mentem
1125 1302 1305 1364 fuissepersus·

210 1375 259 1425 bus
276 1375 391 1438 loquitur
407 1373 574 1423 Claudianus.
607 1375 649 1422 De
670 1374 742 1437 sapi·
782 1377 958 1426 sumvoluisse
971 1378 1076 1440 populo.
1095 1378 1174 1426 idem.

210 1450 314 1501 entibus
338 1449 406 1497 ideur
427 1456 483 1496 erat
499 1447 637 1510 judicium,
657 1448 743 1498 studio
813 1452 936 1501 hiiensi
947 1453 1080 1501 commissus
1088 1453 1164 1517 open]
1185 1452 1305 1513 Credibile

210 1524 280 1575 enini
290 1524 430 1586 Sapientiae
449 1522 544 1572 mereri
555 1523 743 1574 coelestiatem·
780 1539 843 1575 sane
861 1527 910 1576 hoc
928 1534 979 1589 est,
996 1542 1054 1577 nam
1072 1535 1100 1577 et
1118 1527 1249 1578 Arcadios
1260 1534 1305 1579 ton

209 1600 432 1666 pleputebarstur.
450 1599 539 1649 Bortls.
781 1606 870 1650 tutore
890 1616 1046 1665 magnopere
1075 1602 1109 1652 ob
1137 1607 1244 1653 ntsteni
1263 1614 1305 1654 no!

242 1676 743 1739 sbibere]Apotheosininteiiigttcts-
780 1676 887 1740 egebat,
906 1678 1053 1728 vicennium
1078 1679 1136 1743 jam
1157 1695 1255 1742 ngens3
1281 1687 1305 1731 ut

209 1753 312 1813 verim
325 1750 397 1816 cujus
406 1752 551 1814 opinionem
564 1759 649 1801 tamen
666 1752 743 1815 vulgo
780 1750 863 1802 ferme
886 1753 1012 1801 assentiar
1026 1753 1163 1804 illustriss.
1193 1754 1307 1818 Beronio,

209 1822 315 1878 hte'sisse
325 1830 410 1891 potius
427 1843 503 1891 quoru
512 1827 670 1877 ceremonias
679 1828 743 1890 pris·
782 1828 825 1890 qui
838 1827 942 1877 Suidom
953 1835 982 1877 et
993 1827 1055 1877 aiios
1066 1828 1101 1877 de
1114 1828 1220 1891 Rufino,
1230 1835 1306 1880 totott

209 1914 254 1954 est
266 1910 312 1953 usu
323 1904 502 1968 frequentatas
521 1904 568 1952 sub
584 1902 743 1965 principibus
780 1902 831 1966 ipsi
842 1902 875 1952 ab
890 1901 1035 1952 Theodosio
1046 1903 1150 1965 relicto,
1164 1904 1308 1968 scribentem

206 1972 278 2028 mio
291 1980 443 2029 Christianis
452 1978 576 2027 credibile
587 1985 639 2029 est.
659 1979 743 2026 'l'heo-
781 1981 875 2028 erroris
897 1980 976 2029 etiam
994 1978 1054 2029 binc
1071 1981 1215 2031 convincit.
1246 1983 1307 2046 Apes

209 2055 283 2107 dosio
294 2064 381 2105 autem
393 2056 537 2105 decedente
551 2055 608 2118 jani
618 2055 743 2103 Basilicas
781 2067 906 2104 summani
934 2054 1089 2118 dignitatem
1114 2063 1200 2107 notat.
1237 2058 1309 2108 Mori·

210 2131 347 2195 plerasque
360 2147 447 2181 omnes
463 2132 587 2181 tenebant
603 2131 744 2182 Antistites
780 2145 811 2179 us
829 2130 938 2180 Victor:
969 2131 1005 2179 ih
1022 2131 1108 2193 victor,
1131 2131 1233 2182 finatis
1248 2146 1309 2198 spon.

209 2206 358 2268 christiani,
369 2222 417 2257 nec
428 2207 576 2270 superstitio
586 2208 744 2256 consecrati·
781 2204 864 2256 Idem.

111 2322 112 2325 ,
209 2294 285 2332 osum
298 2285 462 2346 paganarum
472 2290 618 2347 supererat.
636 2282 710 2332 Idem.
812 2281 1088 2345 dUtropsrcmojestos]
1115 2282 1245 2347 Majestas
1266 2283 1310 2334 ln·

168 2364 171 2369 ’
242 2357 343 2417 Adducto
353 2358 442 2420 sidere]
459 2359 547 2407 Vsier.
558 2356 743 2420 praefatpoten'
782 2359 914 2422 peratoria
925 2360 1052 2423 jamolim
1061 2373 1110 2424 pro
1128 2361 1187 2425 ipso
1198 2361 1311 2426 pracipo

209 2447 241 2482 rso
252 2434 361 2497 witonus
379 2433 452 2482 sideri
465 2433 631 2496 possidetur,
648 2433 674 2481 id
694 2441 745 2496 est,
782 2442 875 2492 sumta,
893 2436 966 2484 velut
982 2435 1109 2484 nominari
1128 2435 1215 2499 ipsum
1233 2437 1311 2487 mim

210 2506 329 2574 Augusto
348 2509 558 2573 Caesariquejam
571 2508 630 2557 diis.
663 2510 743 2558 'Iheo-
780 2516 857 2560 esset.
867 2510 952 2559 Tacit.
964 2509 1057 2559 dunel.
1070 2513 1114 2558 v.‘
1127 2519 1237 2576 questos
1249 2509 1312 2576 apud

210 2585 277 2635 dosii
287 2593 397 2635 mortem
414 2585 551 2649 signifieat,
571 2586 616 2651 qui
625 2585 744 2635 Stilicho·
781 2585 887 2645 Patres,
897 2585 965 2649 quod
984 2585 1117 2635 senatoris
1137 2586 1313 2637 uninsfraude

209 2672 268 2709 nem
287 2661 405 2710 Honorio
418 2661 567 2724 preposuit.
600 2661 684 2710 Sidere
699 2677 743 2710 au·
781 2660 955 2722 Imperatoris
976 2661 1098 2724 majestas
1121 2664 1195 2712 elusa
1214 2663 1313 2727 publica

210 2741 273 2796 tem,
282 2735 315 2784 ad
327 2737 404 2785 ritum
414 2737 593 2800 apotheoseos,
603 2751 662 2785 nam
674 2738 743 2800 prin·
780 2732 868 2784 foret!
900 2734 1082 2799 Antequidem
1095 2737 1194 2799 Populi
1210 2737 1313 2788 Romul

209 2811 282 2874 cipes
293 2813 453 2871 suos,honos
465 2813 587 2873 malosve,
598 2812 707 2873 gentiles
716 2813 742 2860 in
781 2818 826 2859 aut
845 2811 967 2874 Reipubl.
987 2818 1054 2871 erat,
1074 2818 1103 2860 nt
1121 2820 1214 2862 notum
1234 2815 1313 2863 velex

211 2887 286 2947 Deos
293 2885 458 2935 referebant:
476 2893 565 2934 noster
573 2886 598 2933 in
611 2886 678 2934 bello
687 2885 743 2933 Gii-
779 2882 897 2948 formula,
907 2888 916 2926 ἓ
926 2887 1092 2949 Msjestatem
1106 2886 1175 2949 Pop.
1188 2889 1263 2939 Rom.
1274 2903 1313 2938 oo·

209 2962 317 3012 donico:
336 2963 421 3010 ‘Turn
434 2962 527 3025 siquos
540 2963 621 3010 Roura
633 2963 743 3025 recepit,
781 2959 857 3008 miter
876 2960 1048 3010 conseruare!
1080 2962 1146 3024 Ejus
1158 2978 1223 3012 vero
1234 2970 1313 3028 potes·

210 3047 255 3089 sut
265 3040 338 3088 dedit
347 3041 402 3101 ipsa
415 3037 504 3087 Deos!
516 3039 588 3089 Serv.
600 3040 632 3087 ad
644 3039 742 3102 Georg.
781 3043 837 3085 tate
848 3045 875 3085 et
887 3039 1040 3087 auctoritate
1049 3039 1119 3086 omni
1128 3040 1153 3087 in
1164 3041 1311 3106 Principem

210 3131 231 3166 ι.
252 3115 312 3165 fine.
331 3117 425 3165 Horat.
438 3117 543 3165 iih.11.:
560 3118 699 3165 ‘Romulus
714 3124 742 3167 et
780 3114 883 3175 collata,
900 3114 950 3163 hoc
970 3128 1073 3178 quoque
1090 3115 1225 3176 splendidi
1237 3117 1310 3167 noni·

210 3190 348 3248 Libernec
366 3206 417 3239 non
436 3205 493 3239 cum
507 3191 742 3254 CastorePollux,’
779 3188 819 3237 nis
830 3190 905 3252 hujus
918 3204 1033 3251 persone
1042 3191 1162 3239 accessit.
1192 3191 1311 3243 Sic‘Ao-

209 3271 269 3329 post
285 3266 400 3328 ingentia
412 3265 482 3314 iacta
491 3266 596 3315 deorum
606 3267 631 3315 in
644 3269 742 3331 templa
780 3266 888 3326 gustatis
899 3264 1034 3329 Maiestas’
1051 3266 1121 3329 apud
1131 3267 1311 3332 Justiniannn,

209 3342 294 3391 relati.
325 3341 496 3390 Theodosium
520 3356 583 3405 ergo
601 3343 686 3393 Poeta
706 3344 740 3393 ob
779 3355 837 3404 cap.
852 3343 875 3390 b.
893 3341 958 3390 Cod.
985 3342 1310 3400 Estmojestnsvenersbili·

209 3414 335 3479 insignem
349 3417 469 3465 virtutem
489 3417 515 3466 in
528 3419 642 3466 Deorum
654 3432 741 3468 nume·
780 3422 820 3465 tas
832 3416 961 3479 quiedam,
974 3417 1031 3479 iP⁵⁰
1041 3426 1153 3479 ³⁸P0011¹
1170 3422 1270 3472 ⁸¹¹1!ssoe
1278 3421 1309 3470 iu·

209 3503 265 3539 rum
283 3492 459 3552 relatumait3
479 3500 507 3540 et
530 3508 592 3541 vero
608 3508 741 3543 ascensum
779 3493 885 3552 vadens,
897 3500 993 3553 praeter
1005 3494 1137 3554 vulgarem
1148 3493 1308 3556 formamen-

208 3564 263 3629 cjns
274 3566 300 3614 in
312 3567 401 3614 celum
413 3568 547 3630 eleganter
564 3568 697 3634 describit,
708 3570 741 3620 de
778 3564 853 3616 leste>
863 3567 923 3631 quid
940 3574 969 3618 et
984 3567 1139 3618 inusitatum
1159 3584 1216 3634 prae
1233 3569 1260 3624 se
1277 3570 1307 3622 fe·

208 3649 253 3690 tit.
262 3641 340 3691 Cone.
353 3640 419 3689 Ηοη.
430 3642 457 3689 in
469 3641 529 3691 fine.
548 3644 658 3707 Dempst.
778 3656 847 3691 rens.
866 3644 941 3693 Idem.

240 3712 358 3780 Mundus]
385 3718 493 3767 Divinas
514 3719 610 3767 animas
627 3722 740 3769 mortali·
815 3719 920 3782 Utroque
930 3719 1054 3782 miriones]
1063 3709 1195 3786 Maiestas
1207 3727 1306 3773 nonno

207 3790 360 3856 umvirtrrte
378 3794 544 3854 praeditorum
567 3809 581 3844 e
602 3797 681 3843 stellis
692 3790 741 3845 oriss
779 3800 833 3843 tum
856 3795 980 3857 Deorum,
1004 3794 1049 3843 sed
1069 3802 1096 3845 et
1115 3799 1272 3862 principum.
1292 3797 1307 3846 i.

207 3861 299 3929 undas,
325 3876 352 3916 et
381 3869 406 3914 iu
427 3883 513 3915 eorsum
541 3883 675 3919 numerum
701 3887 741 3921 re·
778 3874 802 3918 i.
814 3867 841 3919 ff.
854 3869 886 3916 de
899 3863 996 3933 captiv.
1015 3863 1090 3920 Isin
1110 3872 1240 3933 pluribus.
1256 3882 1306 3936 pert.¹

208 3942 273 4006 dire,
282 3942 593 4007 persuasioi’hilosophisu
604 3945 740 3996 Hnuianae.
778 3941 805 3993 ff.
822 3944 854 3991 de
862 3947 925 4006 just.
938 3945 1044 4010 etjura:
1063 3945 1153 4009 itaque
1178 3949 1307 4014 ‘maiestas

207 4018 427 4068 blonduscoelum
440 4029 523 4068 sonat.
556 4021 600 4069 sic
618 4021 739 4070 Manilius
777 4019 803 4067 in
816 4022 883 4067 omni
894 4022 1002 4083 imperio
1013 4019 1073 4069 est!
1105 4021 1178 4072 ‘ruit
1190 4038 1240 4087 pro
1249 4021 1307 4074 suto

208 4091 331 4140 mnodum
353 4094 476 4156 meruisse
501 4093 568 4143 dixit
592 4093 740 4158 Angustum
778 4095 909 4145 Cluentio.
934 4097 1025 4147 Quint.
1049 4109 1100 4145 vn.
1118 4096 1308 4149 sommum

208 4164 277 4228 post
295 4167 435 4233 cesarem,
454 4167 527 4234 cnjus
553 4167 622 4219 filins
649 4160 740 4220 andire
776 4169 804 4219 in
824 4171 934 4236 Eutrop.
956 4171 1003 4222 iib.
1021 4184 1041 4221 ι.
1074 4173 1189 4226 ‘tenero
1209 4163 1308 4227 mend
