2700 4702
343 320 392 376 nt
416 328 465 375 rvr
488 327 595 377 cous.
619 328 761 379 nosos.
1017 302 1104 379 mi

92 466 131 519 lo!
145 473 176 518 nt
192 466 296 533 qsritlem
314 468 444 518 veterrimi
465 467 536 517 cotii·
573 475 602 517 ut
613 482 702 531 pacem
713 467 745 518 ab
761 482 792 518 eo
805 481 851 531 pes
862 469 963 531 legatos
974 458 1107 532 peterent,
1173 454 1176 459 ⁴

92 544 226 608 onpromtt
244 558 301 593 cunr
322 544 440 607 vulgatis.
468 545 535 593 Met.
574 545 749 608 eoipsoauno
767 559 817 609 quo
835 551 910 593 natus
927 545 952 594 ei
972 544 1104 594 Honorius

92 620 96 649 ³
108 620 226 684 ianuaque
237 635 252 668 a
262 627 337 683 parte
346 620 462 669 Medusae
474 620 536 683 Ipse
573 618 650 669 lilius.
673 620 747 670 Idem.

92 709 167 745 ersus
179 695 334 761 squallentia
347 695 462 759 prodidit
473 695 537 747 aral
605 695 738 760 Babylonis
759 696 866 759 mustos]
892 695 1029 759 Balylonos
1050 709 1105 747 ωε-

92 771 443 835 otslitetiamvulgolegitur.
456 772 537 820 Plura
573 772 657 822 liores.
691 779 771 822 recte.
820 771 992 822 Nemesianus
1021 768 1106 834 Cyne-

92 862 198 898 nonem.
220 848 338 912 sequenti
360 862 436 896 versu
454 850 537 897 denota
574 848 678 910 getico:
696 849 798 909 ‘utque
816 847 905 895 intima
919 845 1002 895 frater
1018 846 1106 896 Persi·

92 927 156 973 rasis
174 922 265 987 scripti
282 922 411 988 plerique.
428 923 497 987 quod
509 932 537 972 et
573 923 629 984 dos,
639 929 667 971 et
678 929 780 972 veteres
790 921 937 985 Babylonos
948 921 1049 984 ceperit
1064 928 1106 971 asl-

92 998 284 1062 Rspbelengius.
305 998 340 1047 D.
353 999 439 1048 Hans.
574 997 634 1047 ces?
674 997 812 1059 Martialis,
832 996 878 1046 lib.
900 1010 962 1046 vrrs.
985 996 1034 1060 Ep.
1061 1001 1105 1049 28.

92 1092 96 1120 t
103 1076 219 1141 monnio]
244 1076 346 1126 Numen
358 1076 441 1138 ipsum
452 1078 537 1125 noctis
574 1076 581 1103 ‘
594 1073 654 1124 Nou
667 1088 715 1138 ego
726 1074 885 1137 praetulerim
894 1073 1040 1136 Babylonos
1050 1074 1107 1137 pic·

92 1184 94 1197 ·
111 1157 185 1202 tanto
208 1151 380 1213 matrimonio,
396 1157 424 1201 et
445 1165 537 1214 gerens
575 1156 602 1198 ta
613 1150 841 1214 superbaa'l'sxts!
872 1148 915 1198 sic
928 1154 1045 1199 vetustus
1055 1147 1106 1198 fra·

92 1227 130 1279 bae
143 1227 264 1278 officium.
285 1227 374 1277 Barth.
574 1233 641 1275 trurn
653 1226 916 1277 Puteauorurnliber.
942 1220 1106 1290 Vulgo‘Ba'·

101 1304 195 1355 Deusta
204 1304 268 1366 toro]
285 1303 379 1354 Denoto
387 1303 454 1353 enim
464 1302 536 1354 Deo·
573 1301 693 1364 bylonica
717 1302 790 1367 picta
821 1301 952 1365 superbe!
976 1300 1108 1364 ‘superba

94 1382 186 1430 stadam
206 1381 371 1445 providentia
391 1388 536 1444 praevotsru
572 1379 701 1443 Babylon'
714 1380 809 1443 passim
821 1381 904 1443 po'e'tls
919 1379 999 1429 dicta.
1016 1385 1106 1429 noster

93 1455 199 1506 tinatsrn
212 1456 349 1520 conjugem
365 1457 483 1507 Honorio
498 1457 536 1505 in·
572 1454 617 1504 lib.
629 1469 647 1504 1.
658 1455 684 1503 in
697 1456 809 1520 Eutrop.
824 1458 947 1505 ‘centum
961 1455 1044 1518 portis
1056 1454 1107 1504 aa·

105 1533 173 1597 qnod
192 1546 242 1581 uon
259 1539 387 1596 ceperunt
399 1533 442 1597 qui
454 1540 536 1583 muta·
574 1529 829 1593 bylouasnporbam!
847 1532 999 1580 Lucanis.
1014 1531 1108 1580 ‘Curn-

572 1619 622 1669 que
634 1606 746 1669 superba
759 1605 829 1657 foret
840 1606 959 1670 Babylon
971 1605 1107 1668 spolianda

92 1680 245 1745 ieesalgesrs]
261 1683 408 1745 Purpuram
419 1683 536 1749 lmpers-
573 1682 713 1745 trophaeis!
744 1681 802 1731 Lib.
815 1695 878 1731 rur.
895 1684 903 1709 ‘
919 1680 1052 1744 morisque
1065 1694 1107 1729 sn·

91 1756 215 1807 tiuduta.
257 1758 347 1807 innuit
366 1760 453 1808 atatim
477 1775 536 1810 cum
573 1757 678 1820 perbans
700 1757 821 1821 Assyrius
845 1755 980 1820 Babylona
1000 1754 1107 1806 domos!

92 1833 128 1897 rio
145 1840 280 1896 augustam
299 1849 402 1899 qtroque
424 1835 537 1898 dignita·
573 1834 610 1882 D.
624 1834 710 1882 Heiss

92 1917 246 1972 recepturam
270 1911 380 1959 Honorii
402 1911 536 1974 Sponsam.
605 1915 653 1959 653
666 1911 761 1971 Maiore
769 1910 838 1972 logo]
856 1911 978 1975 Utroque
988 1907 1107 1958 nimirum

92 1984 144 2033 niro
156 1984 235 2034 decus
246 1986 399 2049 conjugibus
412 1987 538 2036 darecer-
574 1985 691 2050 principe
712 1987 882 2037 Consulatum
901 1987 977 2036 simul
996 1987 1108 2050 gerenti,

93 2059 151 2108 silio
164 2061 321 2111 distulerunt
335 2064 537 2114 nonnuliiPrin·
573 2064 629 2114 bus.
661 2063 995 2126 Maior'l'ogoillnstriorem
1006 2076 1107 2126 pacem,

117 2135 161 2185 Sic
173 2136 287 2200 Gallam,
304 2140 443 2189 secundam
455 2154 537 2204 snam,
573 2139 709 2188 clariorem
719 2145 814 2189 statum
823 2139 900 2204 Reip.
911 2139 1016 2188 indicat.
1034 2138 1107 2199 Mog-

92 2211 133 2261 ,cit
152 2212 295 2276 Augustam
313 2214 488 2276 Theodosius3
504 2230 537 2265 ns
573 2228 628 2263 num
645 2215 713 2264 enim
729 2231 777 2279 pro
797 2216 935 2280 insigniter
947 2215 1016 2265 bono
1028 2214 1108 2263 Vete-

94 2293 105 2336 t
124 2286 235 2351 Augusti
255 2302 289 2336 ex
307 2304 339 2337 en
357 2297 536 2354 nascerentur,
573 2304 615 2340 res
625 2306 695 2356 saepe
705 2293 811 2342 habent.
835 2291 912 2342 idem.

92 2363 152 2412 :adii
170 2371 198 2412 et
214 2363 323 2413 Honorii
342 2365 472 2428 damnum,
490 2373 535 2417 ant
605 2367 701 2430 Annus]
718 2367 811 2430 idest,
826 2367 989 2427 Consulatus,
1005 2365 1108 2414 utaiibi

92 2439 198 2488 ecuudis
214 2438 282 2488 forte
303 2440 401 2503 nuptiis
417 2441 535 2490 umbram
573 2458 653 2506 saepe,
664 2443 708 2508 qui
720 2444 825 2509 quidem
837 2443 950 2507 contigit
968 2456 1034 2492 anuo
1050 2444 1108 2493 aab.

92 2512 140 2562 stis
153 2515 229 2562 alteri
240 2514 360 2565 deferret.
381 2518 471 2567 Bortls.
574 2520 668 2585 itaque
684 2534 744 2569 eum
765 2519 887 2569 Flaccilla
906 2526 991 2568 mater
1009 2517 1108 2578 docuit,

103 2587 161 2636 Toto
173 2591 275 2638 dotando
287 2591 358 2654 mors]
386 2593 464 2640 Omni
485 2592 536 2641 Im·
574 2594 713 2657 adprimae
725 2596 828 2644 curules
846 2601 959 2659 reptare,
977 2600 1005 2642 ut
1021 2591 1107 2657 poi-tas

92 2662 199 2714 Oceani.
219 2665 261 2714 Sic
273 2665 306 2714 de
314 2667 433 2730 Augusto
443 2668 536 2732 Virgil.
573 2669 660 2718 verbis
670 2677 737 2719 utar.
757 2671 853 2719 Clavem

92 2754 113 2789 le
132 2741 183 2790 sibi
205 2757 329 2804 generum
349 2745 448 2808 Tethys
468 2753 537 2795 emat
606 2748 654 2793 654
681 2744 731 2793 Tuo
744 2743 824 2807 fasae]
854 2743 905 2792 lisa
924 2741 1022 2792 militia.
1051 2740 1107 2790 fAd

93 2819 224 2868 mundis?
257 2821 357 2869 Dotem
374 2829 470 2884 autem,
489 2836 537 2870 usu
573 2818 681 2882 fascem,
693 2835 743 2884 quo
755 2818 888 2869 Romanus
896 2819 970 2868 miles
979 2818 1109 2882 supellec·

91 2907 162 2956 ‚nec
181 2894 242 2942 satis
261 2901 334 2956 noto,
351 2896 377 2944 in
395 2896 480 2945 mariti
492 2896 536 2945 bo·
572 2896 644 2945 tilem
656 2906 726 2945 suam
739 2896 848 2960 gerebat
860 2893 1028 2945 iterfaciens.
1049 2892 1106 2943 Ma·

92 2982 116 3018 na
132 2983 245 3033 sponsae,
259 2977 289 3019 ul
306 2971 393 3035 vulgo,
412 2972 537 3035 agnoscit.
573 2985 610 3030 ro,
622 2971 719 3034 Georg.
731 2985 774 3021 111.
789 2972 796 2998 ‘
810 2972 869 3021 Non
881 2985 955 3021 secus
967 2984 997 3019 ac
1016 2970 1108 3035 patriis

574 3061 635 3096 acer
646 3046 779 3096 Romanus
798 3048 825 3096 in
844 3046 921 3098 armis
939 3046 1040 3111 injusto
1060 3044 1108 3095 sub

103 3119 221 3170 Manis
231 3120 364 3185 intendere]
390 3120 538 3188 Afldibus,
573 3121 646 3172 fasce
663 3123 730 3173 viam
745 3124 811 3191 'dum
826 3122 928 3187 carpit!
961 3122 1108 3172 Raderieus

92 3206 125 3243 on
138 3195 186 3243 nisi
199 3203 280 3246 tensae
292 3203 393 3246 sonant.
414 3199 488 3250 laem.
574 3198 678 3262 prosint.
696 3200 766 3251 Hist.
793 3201 928 3265 ‘Revera
949 3202 999 3252 nisi
1020 3212 1109 3252 vestra

103 3270 180 3320 linus
198 3272 278 3322 linesi
300 3273 397 3336 corana]
425 3275 489 3324 Cum
508 3282 537 3323 to
574 3277 657 3328 frctus
669 3295 729 3344 ope,
744 3280 790 3330 sub
807 3281 856 3331 hoc
872 3280 943 3331 iasce
959 3278 1110 3331 succumbe·

92 3360 105 3395 u
126 3353 198 3395 trans
223 3349 343 3398 Rhenum
371 3349 537 3400 Germaniam
575 3357 646 3407 rem?
663 3358 752 3408 Barth,

92 3420 256 3472 erdomneris.
274 3426 349 3474 laem.
607 3437 654 3482 655
673 3434 813 3490 Horrebant
824 3433 928 3498 Bactra]
952 3437 1022 3484 Voto
1040 3434 1110 3483 clau·

103 3499 187 3562 Captoe
195 3502 277 3564 spoliis
287 3501 430 3566 Babylonis]
445 3505 537 3554 Domi·
574 3507 615 3556 dit
626 3512 654 3556 et
663 3508 799 3573 sponsione
808 3507 902 3558 futurae
914 3506 1049 3558 felicitatis
1059 3506 1110 3558 Pa·

92 3575 179 3636 trthls;
205 3579 293 3628 borum
315 3581 382 3628 enim
403 3580 538 3645 Principa-
574 3582 725 3648 negyricum
754 3583 841 3644 istum,
870 3585 953 3632 instar
980 3582 1107 3632 aliorum:

92 3646 251 3716 timporiurn
270 3653 431 3718 Babylonem
444 3664 538 3707 vocant
575 3658 648 3708 Sarni
676 3658 841 3720 Occidentis,
867 3658 962 3708 Bactra
990 3656 1108 3708 Orientis

92 3739 154 3777 ores.
187 3727 322 3779 Theodosii
343 3737 431 3780 autern
447 3740 538 3782 contra
575 3734 669 3802 Regna
679 3735 811 3787 denotant.
829 3735 901 3786 idem.
1096 3742 1098 3747 ’

92 3817 115 3854 ss
127 3803 191 3854 istas
204 3813 296 3868 gentes
307 3820 340 3857 ea
352 3805 462 3858 felicitas
479 3808 538 3875 fult,
