2700 4702
193 275 279 343 letto
627 296 630 303 ·
677 286 817 338 nerem

198 436 263 507 Illa
277 442 327 501 ter
341 436 469 500 clauim
486 434 631 517 repetito
644 435 781 498 verbere
793 434 930 518 plaudit,

241 536 502 601 innarrabilibus
517 540 614 598 nocte
627 534 746 615 dieque
761 534 867 598 sonis.

198 638 309 723 Atque
323 638 442 702 eodem
456 635 581 700 celeres
596 636 694 700 etiem
710 636 918 700 discriminat
930 636 1042 715 boraS,

242 739 489 822 Igniserumque
505 745 608 821 caput
621 743 671 802 ter
686 744 853 816 venerato,
867 738 953 802 silet.

197 839 348 908 Antistes
362 859 545 918 nemorum,
558 840 627 905 luci
640 840 829 906 venerenda
843 840 1012 919 sacerdos,

242 942 288 1006 Et
303 943 376 1007 sola
391 941 522 1006 arcanis
537 943 685 1033 conscia,
701 941 842 1021 Phoebe,
855 943 932 1007 tuis.

200 1043 287 1123 Quae
302 1051 483 1128 postquam
497 1043 579 1108 vitre
589 1044 662 1128 jum
676 1043 766 1108 mille
778 1045 942 1128 peregerit
955 1060 1071 1121 annos,
1102 1034 1111 1057 '

243 1144 296 1211 Ac
308 1166 343 1210 se
357 1145 556 1210 reddiderint
571 1150 724 1228 tempore
736 1144 838 1226 longo
853 1164 997 1226 gravem,

202 1246 251 1312 Ut
264 1253 393 1331 reparet
404 1248 537 1329 lapsum
551 1246 630 1312 satis
644 1248 860 1330 vergentibus
876 1266 998 1323 cerum,

244 1347 381 1413 Assueti
395 1348 537 1437 nemoris
551 1348 648 1412 dulce
663 1349 774 1413 cubile
789 1349 884 1431 fugit.

201 1447 351 1533 Cumque
364 1437 560 1513 renascendi
574 1449 686 1513 studio
698 1448 776 1514 loca
789 1456 906 1514 sancto
920 1449 1052 1532 reliquit
1066 1468 1076 1527 3

243 1550 341 1616 Tunc
354 1552 437 1634 petit
451 1551 537 1614 hunc
553 1552 677 1628 orbem,
693 1548 789 1615 Mors
803 1552 860 1615 ubi
874 1570 974 1632 regne
987 1554 1085 1615 tenet.

203 1653 324 1735 Dirigit
338 1655 372 1716 in
388 1653 519 1737 Syriam
534 1654 656 1718 celeres
671 1654 826 1745 longaeva
839 1654 990 1733 volutus3

246 1754 425 1819 Phoenices
438 1773 557 1818 nomen
573 1755 628 1819 cui
642 1754 734 1818 dedit
745 1755 821 1837 ipsa
833 1754 965 1819 Venus.

203 1856 419 1938 Secretosque
435 1856 520 1938 petit
532 1855 665 1920 deserta
679 1876 739 1938 per
758 1858 836 1921 avia
849 1855 957 1933 lucos,

248 1957 318 2022 Hic
332 1959 390 2020 ubi
405 1977 465 2039 per
479 1958 584 2021 saltus
600 1959 695 2041 sylva
708 1962 835 2021 remote
847 1959 941 2022 latet.

204 2058 291 2124 Tum
304 2059 386 2142 legit
400 2058 489 2124 edric
504 2060 677 2124 sublimem
691 2060 815 2124 vertice
829 2062 999 2143 palmam„

248 2159 336 2239 Quae
351 2160 490 2226 Graium
505 2160 650 2226 Pboenix
665 2181 710 2226 ex
725 2181 788 2226 ove
802 2181 922 2226 nomen
935 2162 1055 2225 habet:

205 2559 304 2622 pettulit
323 2558 442 2610 lambec.
461 2561 571 2611 Moron.
584 2568 612 2611 et
630 2566 685 2611 tter
695 2560 756 2611 edd.
767 2562 841 2611 Rom.
860 2560 964 2624 perpulit
975 2557 1159 2609 lincoln-54
1175 2558 1247 2608 Telis
1266 2562 1304 2607 ert

207 2623 272 2674 ordo
282 2624 356 2688 bnjns
368 2631 397 2672 et
407 2623 517 2674 ducrum
531 2640 650 2675 versuum
662 2639 743 2689 seqq„
760 2639 836 2689 quem
852 2624 957 2673 codices
965 2624 1032 2673 Mes.
1047 2621 1129 2673 lirin.
1143 2623 1237 2672 Bartb.
1253 2622 1305 2671 eiii·

208 2701 268 2752 que,
279 2695 307 2736 et
322 2687 403 2736 editio
418 2689 532 2748 Veneto,
544 2689 649 2751 Aldine,
660 2689 765 2750 Pitboei,
777 2689 917 2748 Democri,
930 2686 1091 2751 Rrpbeieng.
1102 2693 1132 2736 et
1143 2687 1200 2736 elie
1212 2700 1306 2750 repre·

207 2758 322 2812 sentent,
337 2751 401 2800 iicet
414 2752 440 2800 in
460 2754 589 2816 Mediceo,
607 2761 718 2817 utroque
740 2752 877 2814 Vaticano,
896 2752 1072 2813 Verrioumet
1090 2752 1171 2800 altero
1192 2750 1307 2814 Suecicr,

207 2821 370 2929 heotameter
381 2817 423 2864 iric
434 2825 545 2878 ponetur
555 2824 614 2882 post
625 2833 662 2868 vr.
673 2823 714 2866 ⁶5.
726 2831 801 2881 quem
814 2817 840 2864 in
857 2818 905 2866 bec
920 2816 982 2865 sede
993 2816 1132 2875 collocent,
1149 2821 1180 2863 ot
1197 2813 1225 2863 in
1243 2814 1306 2864 edit.

235 2880 317 2929 cinnii.
326 2880 372 2928 sed
381 2883 489 2930 aiterum
501 2883 616 2932 ordinem
628 2888 731 2931 secutur
741 2881 821 2931 etiem
832 2891 871 2929 ert
884 2882 1070 2929 iiunemanuus.
1091 2877 1265 2929 emetitur
1274 2891 1307 2929 ex

208 2943 275 2994 cod.
285 2945 357 2994 Voss.
370 2944 453 2994 edidit
463 2946 594 3009 Heinsius,
610 2946 679 3010 quod
696 2959 743 3007 pro
753 2943 948 2994 irremeabilibus
959 2943 1067 3002 dictum,
1077 2944 1119 2991 vei
1130 2957 1177 2991 retr
1187 2941 1306 2992 mcii·

208 3006 279 3070 iiiut,
295 3009 360 3056 utin
371 3009 433 3058 Vut.
453 3025 505 3059 sec.
531 3011 587 3060 Non
604 3009 743 3059 escubilibus·
759 3009 868 3058 blaernn.
886 3015 940 3057 tres
958 3007 1019 3057 edd.
1037 3008 1110 3056 Rom.
1127 3008 1222 3056 venet
1233 3006 1308 3058 Jnui.

210 3068 270 3119 Ald.
287 3072 358 3120 Pitb.
379 3079 407 3121 et
425 3074 524 3123 alwio
543 3079 599 3123 turre
616 3079 728 3123 moto
746 3072 813 3122 riter
831 3073 997 3122 suerio-tib
1019 3071 1100 3134 Ipsum
1121 3075 1144 3120 et
1162 3069 1309 3121 reddiderint

209 3135 342 3184 Francius.
366 3137 400 3183 Et
410 3152 436 3185 ee
446 3137 652 3188 namnetim-cr
673 3138 707 3186 Ut
717 3137 805 3200 reperit
816 3137 924 3185 Mercu.
942 3137 978 3184 Et
988 3139 1082 3199 reparet
1095 3133 1199 3184 Bodlei.
1220 3135 1309 3198 lopun

210 3197 308 3246 Medic.
320 3198 370 3247 duc
382 3201 454 3252 vett.
465 3201 659 3252 Verrium-riter
673 3200 772 3251 Sneoio.
781 3201 889 3250 Meron.
901 3200 988 3250 Oxou.
1000 3198 1116 3249 Lincoin.
1128 3197 1209 3249 nem.
1219 3198 1309 3249 Bmtlt·

211 3261 333 3312 Lombee
343 3263 443 3315 Suecic.
454 3265 481 3313 in
501 3264 560 3316 Act.
574 3266 687 3320 ,denene
703 3263 807 3328 aliique.
832 3265 918 3313 bocum
929 3262 989 3314 edd.
1000 3265 1101 3313 Romm.
1112 3263 1226 3326 Veneto,
1236 3262 1309 3315 Jmt:

211 3323 318 3387 Aldina,
335 3328 405 3376 Pith.
417 3335 445 3377 et
459 3327 555 3379 Aidum
571 3336 666 3379 secutor
681 3328 862 3392 reliquae-62
879 3329 1010 3377 Adsuetum
1020 3326 1118 3376 Medic.
1128 3332 1240 3393 uterque
1250 3326 1310 3376 Vnt.

210 3389 311 3440 Snecic.
326 3405 378 3439 see.
395 3393 469 3443 Voss.
481 3394 590 3443 Mercu.
602 3392 683 3444 Halo.
695 3392 810 3442 Bortbol.
821 3398 848 3440 et
859 3391 961 3440 Sueclc.
969 3391 995 3440 in
1005 3389 1066 3440 Aet
1076 3390 1251 3442 ‚leucoe—dt
1262 3391 1311 3440 im

210 3457 293 3502 mete
303 3455 415 3516 relinquit
426 3459 501 3508 Voss.
515 3465 544 3507 et
554 3460 616 3508 Vct.
629 3472 668 3521 pr.
695 3458 744 3505 [σοι
753 3470 848 3519 queque
857 3455 970 3519 reduqeit
981 3454 1146 3504 Merite-ot
1163 3454 1224 3503 Μ
1234 3455 1310 3504 Voti.

212 3517 320 3567 Meron.
331 3527 359 3568 ot
370 3521 486 3571 Barthoi.
514 3537 570 3571 mox
588 3537 634 3584 pro
654 3522 721 3570 More
735 3520 808 3570 Voss.
824 3520 926 3570 Soecic.
947 3518 998 3569 duc
1010 3521 1069 3568 Vnt
1082 3517 1184 3568 Rodlei.
1195 3517 1310 3569 bincobi

156 3627 162 3637 ,
212 3587 241 3632 et
252 3581 333 3632 Hufn.
351 3585 413 3633 Mox
420 3586 551 3647 petitione
561 3585 648 3646 crim,
656 3600 712 3634 mcx
722 3583 763 3633 eii
771 3598 794 3632 r.
802 3588 822 3633 t.
834 3583 935 3634 suecic.
946 3583 972 3631 in
983 3583 1046 3633 Aet.
1056 3583 1230 3635 senene—co
1243 3582 1312 3631 Pte

212 3645 286 3695 κίωη
297 3647 395 3697 Medic.
410 3651 517 3698 ittmren.
528 3648 609 3701 llat'n.
624 3649 727 3700 Sueoic.
744 3661 797 3698 soc.
813 3654 841 3697 et
857 3647 929 3698 vate
948 3646 1008 3698 duc.
1025 3645 1146 3695 Pitoettieit
1164 3646 1266 3696 Suecic.
1285 3645 1311 3695 in

211 3709 270 3760 Act.
278 3712 383 3763 Jeneus.
390 3713 449 3762 edd.
461 3714 631 3762 itornm.Ven.
639 3714 712 3765 Junt.
720 3710 781 3763 Art,
789 3719 817 3763 et
825 3712 927 3762 (rottei.
937 3711 1059 3761 Phoenices
1065 3710 1138 3759 Pith.
1149 3710 1312 3777 liepbeieng.

213 3775 316 3824 Demst.
326 3777 418 3826 Barth.
436 3778 476 3826 ci.
490 3777 690 3840 Oudendorpiur
703 3790 751 3840 per
761 3776 949 3840 appositionem
958 3775 1067 3838 legebat
1092 3774 1221 3824 Pitoenieett
1230 3786 1313 3824 nem

212 3840 250 3888 etti
260 3840 334 3889 dedit.
351 3840 410 3889 dein
425 3842 476 3904 ἱρέα
486 3847 691 3903 vetus-corrupte
702 3839 838 3903 legebatur
848 3841 974 3889 hactenus
992 3840 1019 3888 in
1030 3837 1148 3888 omnibns
1160 3837 1239 3888 editis
1252 3844 1312 3889 ente

212 3903 351 3953 solutorem
363 3904 466 3954 Heinrii
476 3920 586 3966 manum,
595 3905 638 3968 qui
648 3905 752 3968 egregie
764 3919 796 3952 ex
807 3904 988 3965 con'ecturo,o
998 3901 1099 3952 duobus
1108 3902 1245 3957 codicibus
1255 3914 1313 3968 pro·

213 3965 284 4024 bate,
299 3969 352 4031 iper
366 3969 442 4019 Vener
461 3968 651 4018 restituit—titi
674 3969 717 4017 Sic
735 3968 776 4016 ubi
793 3968 839 4017 Me
858 3967 892 4018 ic.
906 3967 963 4017 'duo
980 3968 1055 4017 vett.
1066 3967 1187 4016 Vossien.
1203 3967 1313 4017 Mercu·-

213 4029 374 4083 scorteae
386 4040 414 4082 et
424 4032 633 4083 batmolin-titi
651 4031 983 4095 umorquae-mitterer
990 4031 1077 4080 rertioe
1091 4031 1184 4096 potem
1201 4031 1313 4081 Meron.

213 4101 349 4158 mgentem
359 4111 407 4162 pro
417 4096 537 4148 rubim
546 4097 743 4148 Functus-itt
757 4099 854 4160 muer
862 4100 915 4146 tres
923 4096 1013 4162 primm
1022 4093 1081 4146 edd.-
1095 4096 1197 4147 Romm.
1203 4094 1314 4159 Verrem,
