2700 4702
398 332 448 379 nn
471 330 591 379 annno
614 332 833 382 crunourco.
1076 316 1164 384 1405

60 472 228 536 ‘magnoque
245 471 377 535 optaverit
388 477 497 535 emtum,
509 472 597 522 Intac·
633 477 673 521 to:
695 471 800 522 frustra
843 471 913 522 Nibil
929 470 972 521 hic
994 469 1163 526 difficultatis.

60 555 117 598 tum
130 548 271 598 Pallanta?
289 550 378 599 Bertlu
431 600 436 605 ,
634 549 1163 611 Detectumbostemvocatapertum,nou

93 628 144 674 240
160 625 245 674 Pietas
262 624 379 687 inrecta]
398 624 523 689 Contuss,
538 641 596 676 con·
634 626 781 673 occultum:
811 638 860 673 nec
883 623 1056 673 damnandum
1075 624 1105 672 rb
1124 627 1164 675 de-

58 698 161 760 fracta;
190 701 319 763 particula
341 701 409 749 enini
436 706 517 765 suget
543 702 595 752 vim
627 700 702 760 fecto.
722 704 756 751 D.
768 702 860 752 Heius.

60 778 145 828 verbi.
665 781 714 824 248
733 777 821 840 Obvia]
839 776 983 826 Contraria.
1000 776 1089 828 Bartls.

93 853 212 917 Recedet]
243 852 275 901 In
299 852 383 902 vicem
409 853 466 916 ejus
491 854 596 918 objecto
667 853 855 916 Obuiudeteeto]
876 853 935 902 Hoc
954 853 1043 901 dicere
1061 853 1163 903 voluit:

59 927 132 993 odio,
144 934 323 992 terrorumque
339 928 403 978 orbe
414 929 534 978 civilibus
545 930 595 979 dis·
633 928 670 989 si,
679 928 817 977 debellatis
836 927 963 991 hostibus,
982 928 1085 977 obvium
1102 929 1164 977 mibi

58 1004 135 1054 cidiis
156 1004 280 1053 discusso.
321 1005 388 1053 Sane
409 1002 523 1055 felicitas
545 1004 595 1056 fuit
633 1020 794 1069 progressus,
810 1013 909 1069 gratam
920 1004 971 1053 sibi
990 1018 1072 1053 meam
1083 1004 1165 1054 victo·

58 1079 143 1130 seculi
151 1079 321 1143 compositum
331 1079 492 1131 bocbellum.
504 1082 594 1132 Bertlt.
632 1082 695 1130 riam
712 1080 791 1131 fuisse
811 1081 996 1145 significasset;
1019 1081 1103 1129 minus
1125 1080 1163 1129 illi

93 1155 206 1216 [drudo
230 1155 337 1218 reseda]
375 1158 398 1204 A
420 1154 504 1216 lvdie
530 1155 595 1206 Isiu·
631 1171 824 1224 succenserent.¹
843 1157 1102 1220 Quidsubandiatur,
1118 1170 1163 1206 ue·

58 1231 128 1295 grin.
138 1231 211 1296 prior
220 1231 292 1282 Leid.
301 1231 429 1282 Prlcaeau.
437 1238 465 1280 et
474 1231 595 1283 uuurPe·
631 1248 674 1283 mo
684 1248 735 1282 non
756 1235 834 1285 videt.
852 1236 946 1284 Delrlo.

58 1309 203 1372 tav.prim.
223 1309 308 1357 vatic.
325 1306 488 1357 cumdecem
499 1306 596 1358 allisis
663 1314 713 1360 249
729 1310 839 1374 Recidit,
858 1311 912 1375 ire]
936 1310 1052 1360 Medium
1070 1323 1098 1359 se
1120 1324 1169 1381 geg
1270 1372 1273 1377 ,

51 1382 519 1442 srdnrsrutenrascribendumpntn,
530 1383 595 1432 Bar·
632 1385 723 1448 rende,
734 1393 764 1436 ut
775 1387 813 1438 ait
830 1387 929 1449 livius,
946 1387 1004 1436 haec
1021 1386 1100 1434 illave
1119 1384 1163 1435 dc·

58 1459 131 1509 thius
153 1459 283 1520 vulgatam
310 1456 467 1520 scripturam
494 1462 593 1506 tuetur.
632 1453 761 1519 t'ensnrus¹
772 1471 851 1523 prout
873 1462 1049 1514 invaluissent.
1082 1458 1165 1510 Arma

57 1535 95 1585 D.
107 1535 194 1585 Heius.
634 1538 725 1594 aperta
735 1534 821 1595 palam
832 1539 955 1596 virescit
964 1538 1084 1598 Tacitus,
1092 1535 1164 1586 treus

93 1613 143 1659 241
162 1609 280 1673 inprims
294 1608 415 1671 gauere]
443 1607 596 1671 Considera,
632 1607 743 1656 etdolus
765 1609 878 1672 occulta,
890 1622 972 1674 eoque
993 1611 1163 1660 inevitabilia.

57 1685 155 1750 iuquit,
172 1685 276 1748 merita,
294 1685 349 1734 sive
368 1685 488 1748 virtutes,
504 1684 594 1735 Gildo·
634 1682 728 1731 Giuuer.
777 1726 779 1730 Α

57 1761 120 1812 nis:
136 1761 164 1809 iu
175 1775 216 1808 me
226 1761 345 1824 primum,
355 1767 463 1823 parente
475 1767 529 1810 tuo.
546 1761 595 1809 Lo·
665 1758 697 1806 Ie
721 1757 823 1821 speculis
843 1755 908 1821 fars]
947 1758 1162 1822 speculabundus

59 1836 149 1899 quitur
160 1835 256 1885 bellun
267 1837 345 1885 civile
363 1851 422 1887 cnm
442 1838 556 1886 Maximo
567 1843 595 1887 et
632 1834 783 1897 Fortunam,
795 1834 865 1882 etad
877 1834 932 1897 ejus
943 1841 1074 1885 momenta
1085 1834 1163 1886 fideru

57 1911 177 1973 Victore,
206 1911 299 1975 insigni
331 1914 431 1963 virtute
457 1913 595 1963 Theodosii
631 1910 778 1961 collibrans.
811 1911 1163 1975 Natumaspecnlatoribus,

58 1985 220 2038 coniectum.
238 1989 328 2040 Bartl.
631 1988 676 2050 qui
689 1987 752 2036 locis
773 1987 836 2036 tntis
855 1993 883 2036 et
894 1987 954 2036 altis
965 1986 1084 2050 dispositi
1100 2001 1164 2037 nuu-

91 2066 143 2114 242
159 2063 304 2126 Disddium]
320 2063 457 2115 Discidium
479 2065 590 2128 privs·
631 2062 738 2111 ciebant
749 2061 930 2111 advenientem
942 2064 1050 2112 bostem.
1073 2063 1163 2113 Bortb.

58 2137 141 2187 ticon.
159 2137 253 2202 aliique
272 2141 394 2202 plurimi:
423 2140 469 2188 sed
491 2139 595 2191 frustra.
663 2142 712 2186 llio
729 2138 840 2187 Librooit
857 2138 966 2200 geminus
986 2137 1163 2196 euentujudice

57 2215 139 2278 paulo
157 2222 218 2264 ante
235 2216 377 2280 babuimus,
392 2216 517 2266 ‘muudum
537 2232 594 2281 ger·
630 2211 704 2276 uires]
730 2215 789 2265 Quo
807 2212 911 2263 fortuna
926 2213 1048 2277 partium,
1069 2213 1162 2264 codem

58 2304 188 2356 maneque
200 2291 309 2341 dissidet
320 2291 396 2342 snio!
412 2293 447 2342 D.
457 2293 545 2342 Heius.
631 2290 688 2353 ejus
703 2290 846 2340 inclinabat
857 2289 939 2340 favor.
957 2292 1031 2339 Ideun

91 2365 143 2415 Sub
156 2367 219 2431 ictu]
229 2367 313 2417 Sortis
322 2368 450 2418 nimirum.
483 2368 593 2419 Locutio
663 2370 710 2415 261
729 2368 768 2415 Ad
776 2381 854 2414 ruam
864 2366 991 2429 momentu]
1002 2365 1080 2414 Libra
1092 2365 1164 2416 velut

59 2443 245 2505 proverbialis:
262 2444 316 2493 Sub
327 2459 379 2494 rino
398 2444 455 2494 ictu
473 2459 530 2494 esse
541 2460 594 2494 om·
631 2449 770 2507 presente.
803 2443 933 2504 Mamerto,
954 2447 1033 2491 nutus
1050 2447 1078 2490 et
1089 2455 1163 2490 reuu-

58 2518 110 2569 nia.
143 2519 217 2569 Ictus
228 2521 296 2569 enim
308 2521 395 2571 subita
411 2527 439 2571 et
455 2521 595 2585 improvisa
631 2527 683 2568 tus.
700 2519 774 2569 idem.

58 2594 200 2656 percussio.
219 2595 308 2642 Burtb.
665 2597 713 2638 262
731 2593 839 2639 Fortuna
859 2595 930 2638 simul
951 2607 1004 2640 cum
1023 2594 1106 2641 Morte
1124 2607 1164 2655 pe·

101 2667 366 2729 mensunusum
388 2668 471 2732 Gatoe]
505 2669 595 2719 Ponere
628 2663 723 2727 pendit]
745 2663 858 2712 Martem
876 2663 945 2711 enim
963 2664 1095 2723 Fortunae,
1111 2667 1162 2716 boc

58 2744 124 2794 Ald.
134 2751 162 2795 et
173 2745 265 2808 scripti
276 2745 375 2810 aliquot
385 2760 445 2795 cum
457 2746 532 2810 prim.
543 2747 594 2796 va.
631 2747 681 2804 est,
699 2740 806 2788 consilia
823 2754 868 2788 stra
879 2739 984 2788 eventui
999 2746 1062 2804 apta
1071 2742 1164 2793 babuit

58 2822 105 2870 tic.
122 2822 219 2872 Lucan.
231 2821 594 2873 ‘Vetissusfovimuearma’
631 2817 720 2878 Gildo,
737 2824 767 2868 ut
788 2817 975 2866 sermocinatur
994 2819 1161 2870 Theodosius.

60 2897 186 2946 Bartbius
195 2903 282 2946 tamen
293 2911 341 2962 pro
351 2898 456 2962 vulgata
466 2899 608 2962 scriptura¹
631 2895 731 2945 Noster
741 2894 826 2944 codex
842 2895 921 2943 etiam
941 2895 1094 2945 erectiorem
1105 2910 1163 2945 sen·

58 2972 232 3035 digladiatur:
251 2973 377 3035 superiori
390 2987 476 3032 versu,
487 2975 528 3037 qui
548 2989 595 3022 uon
631 2971 740 3020 tentiam
750 2970 866 3034 praefert,
875 2970 902 3019 in
911 2971 966 3020 haec
973 2972 1068 3021 verba:
1086 2974 1162 3022 ‘Vic-

20 3101 21 3104 ,
58 3048 229 3108 Munus
241 3049 337 3098 Medic.
357 3049 506 3099 concinne:
525 3054 594 3099 utet
632 3049 699 3108 tori3
716 3062 774 3097 cum
786 3049 874 3097 Marte
892 3046 966 3096 simul
983 3048 1097 3097 Fortuna
1116 3061 1162 3110 pe·

58 3125 213 3175 Palatinus:
231 3130 337 3186 mentem
348 3124 438 3173 rumim
456 3130 596 3187 praetereo,
632 3117 741 3187 pendit-3
773 3115 979 3176 Quaverborrrru
990 3122 1162 3185 collocatione

56 3203 424 3265 noneurteru,unusAmbros.
436 3192 594 3252 Naso'l'rist.
631 3201 709 3248 etiarn
726 3200 836 3248 lucidior
849 3200 986 3250 sententia.
1019 3200 1161 3249 Fortunam

57 3291 79 3327 1.
89 3277 131 3327 El.
144 3291 183 3327 ιν.
198 3278 299 3329 ‘causa
313 3293 372 3327 mea
384 3285 426 3327 cst
435 3279 537 3339 melior,
548 3279 593 3342 qui
630 3290 702 3325 suani
724 3277 806 3326 Marti
826 3277 903 3326 dubio
925 3275 1084 3340 applicavit;
1109 3275 1173 3325 bne

57 3367 111 3403 non
122 3354 253 3403 contraris
268 3353 322 3403 fovi
338 3353 438 3402 Arma!
452 3353 490 3403 D.
506 3352 593 3403 Heium
631 3362 681 3415 cst,
697 3352 768 3416 fidei,
787 3368 863 3418 qnam
880 3353 942 3401 milri
952 3349 1075 3411 debebat,
1085 3348 1162 3398 ratio·

31 3451 33 3456 ·
90 3432 141 3478 24⁷
159 3429 281 3479 marum
296 3427 363 3494 pide]
390 3427 529 3492 Ambigua,
554 3429 592 3477 in·
629 3441 688 3493 uem
701 3442 803 3490 prorsus
814 3427 908 3476 nnllam
919 3418 1018 3473 banniti
1034 3423 1109 3472 Ideni.

57 3506 158 3557 stabili.
179 3507 269 3557 naut.
662 3503 741 3551 Simul
761 3501 913 3551 eumiliurte
927 3497 1049 3561 pependit]
1076 3497 1162 3547 Merite

92 3581 324 3644 Sisiguepetisset]
344 3581 446 3630 disiisset
456 3581 508 3631 duo
519 3581 591 3632 Med.
630 3579 738 3642 Gyrald.
758 3584 786 3627 et
807 3591 853 3626 sex
874 3575 918 3624 alii
943 3588 1001 3623 cum
1028 3574 1162 3637 excerptis

58 3664 88 3707 et
104 3657 192 3706 Pelet.
209 3663 240 3707 ut
256 3658 301 3706 lib.
320 3671 352 3706 11.
372 3657 406 3706 de
427 3658 506 3720 Rapt.
522 3657 592 3720 mgna
629 3654 767 3718 Pomponii
793 3652 913 3702 Vatican.
953 3649 1023 3714 quod
1052 3649 1160 3700 damnat
1178 3707 1189 3721 .

60 3731 228 3782 Deisudoersu
246 3732 306 3781 tuli:
325 3747 385 3782 mox
400 3734 490 3780 detecto
504 3734 591 3794 legen·
630 3730 760 3788 Bartbins.
782 3731 849 3791 prior
867 3742 920 3775 cum
936 3732 1012 3775 necate
1035 3725 1159 3776 Munna

59 3807 439 3870 dumcamomnibusscriptis.
457 3807 505 3855 nisi
522 3808 591 3871 qnod
629 3805 824 3870 Mox'Etsipro
846 3803 901 3854 Osi
916 3804 986 3852 idem
1006 3802 1115 3868 Gyrald.
1131 3808 1161 3854 et

58 3882 159 3946 primns
180 3882 323 3932 Vaticanus
344 3882 450 3942 defecto:
476 3884 524 3932 boc
543 3884 593 3946 est,
629 3883 775 3932 octodecim
802 3897 835 3930 ex
870 3880 980 3952 nostris:
1007 3893 1038 3929 ac
1067 3880 1159 3943 primic

58 3957 237 4008 defectionem
248 3959 353 4008 molito:
372 3960 455 4007 minus
466 3959 591 4022 dolerem,
630 3959 697 4008 Edd.
726 3959 858 4020 Excerpta
880 3957 941 4006 Put.
971 3955 1008 4005 Ar
1027 3955 1059 4005 si.
1078 3955 1161 4008 Forte
1207 4007 1210 4014 ,

30 4071 32 4076 -
58 4035 205 4099 sipalnma
223 4049 265 4084 me
282 4033 430 4098 defecisset,
446 4047 526 4099 seque
537 4037 592 4085 bos·
631 4033 736 4089 Quodsi.
750 4047 807 4080 nam
819 4039 925 4095 quartus
935 4031 1056 4082 Vaticau.
1087 4031 1160 4084 ursi.

60 4120 115 4162 tem
127 4127 212 4162 meum
221 4123 291 4162 esset
303 4110 451 4180 professus.
469 4114 591 4176 isingrin.
629 4110 663 4159 D.
673 4110 764 4158 Heius.

58 4186 172 4248 affare:
195 4188 223 4236 in
244 4187 378 4239 Oiselieno
393 4188 473 4237 etiarn
492 4188 591 4248 dejecto.
661 4188 709 4233 253
730 4183 829 4247 Cupidis
839 4179 923 4245 ostris]
939 4181 982 4233 Sic
993 4180 1162 4234 bladiuutur

60 4262 256 4331 menagius
271 4263 391 4317 Delrlum
403 4270 507 4319 secutm
518 4263 603 4326 tideo-
629 4257 860 4325 Punelpisassuis
867 4257 976 4311 Poiiter
991 4257 1118 4313 nonnus
1126 4258 1160 4308 sd

1111 4470 1120 4505 l
