2700 4702
391 110 574 197 *r

199 288 286 361 1152
520 304 580 357 on.
602 302 822 355 annuarum.
842 302 985 352 nxxm.

650 618 850 697 Lxxm.
888 720 896 727 N

196 835 251 902 aa
274 833 339 901 na
362 810 556 911 Famam,
574 830 832 910 Putamus,
856 824 1160 894 ademauro
1184 821 1307 907 nour

410 933 627 998 norman
650 934 683 998 a
706 931 901 999 snanuu
923 927 1094 995 mssrs.

196 1100 227 1165 0
252 1101 375 1166 anrx
393 1100 539 1187 sonipes,
554 1099 636 1164 tanti
648 1101 703 1165 eui
718 1099 821 1165 fraeua
835 1097 951 1162 mereri

195 1201 366 1278 NuminiS,
383 1207 415 1266 et
430 1202 537 1265 saeris
551 1202 646 1272 licuit
659 1203 782 1266 seruire
796 1201 939 1284 lupatis:

194 1302 263 1367 Seu
277 1309 334 1367 tua
348 1323 407 1386 per
422 1322 562 1385 campos
578 1310 677 1368 veuto
685 1304 771 1388 juba
784 1302 866 1366 lusit
881 1301 1039 1379 Hiberos,

194 1404 263 1469 Seu
277 1412 310 1469 te
326 1403 571 1489 Cappadocum
587 1406 697 1488 gelida
713 1407 775 1469 sub
790 1405 880 1469 valle
896 1409 1064 1470 natantem

194 1505 329 1587 Argaeae
344 1504 459 1566 lavere
473 1503 586 1567 uires:
610 1522 668 1566 seu
683 1503 764 1567 laeta
778 1502 913 1566 solebas

194 1604 382 1672 Thessaliae
396 1602 517 1687 rapido
532 1604 751 1687 perstringere
763 1623 893 1686 pascua
907 1624 1029 1671 cursu:

194 1706 328 1790 Accipe
342 1707 469 1787 regales
484 1705 608 1784 uultus,
624 1710 660 1769 et
674 1705 763 1769 crine
779 1707 945 1787 superbus
1009 1695 1012 1700 ’

196 1809 316 1874 Ereoto
331 1809 456 1872 virides
473 1809 603 1891 spumis
618 1807 779 1890 perfunde
794 1807 1000 1889 smaragdos.

228 2007 251 2054 0
266 2018 322 2068 eque
334 2003 470 2066 fortrmate,
487 2006 526 2054 rui
542 2007 644 2069 contigit
660 2008 788 2070 promereri
805 2008 908 2057 aalma
925 2006 1202 2068 dimitriatam
1218 2021 1301 2072 parere

187 2070 275 2130 froeair
284 2069 404 2120 sacratis!
418 2070 467 2118 aiae
477 2071 540 2131 judu
560 2077 602 2120 tua
621 2071 712 2136 ἅψεα
732 2077 768 2122 ert
786 2078 856 2122 verto
871 2088 913 2136 per
931 2087 1002 2136 agros
1017 2073 1165 2136 Εὐμαίῳ
1179 2088 1222 2122 reu
1238 2073 1302 2122 aira

192 2135 279 2184 muntia
295 2134 382 2196 Argoei
399 2140 534 2197 sparserant
552 2141 576 2184 te
593 2141 715 2186 aulantem
731 2138 759 2187 ia
776 2139 835 2186 mlle
849 2136 947 2198 frigido
961 2137 1131 2200 Cappadocia:
1148 2152 1190 2186 aea
1206 2151 1300 2187 coarm-

192 2214 260 2248 verae
274 2198 396 2248 transilire
416 2201 479 2248 mita
495 2201 617 2264 prmipiti
632 2208 704 2265 proto
717 2202 819 2265 pinguia
841 2201 983 2258 Thessalia·
1000 2201 1076 2264 recipe
1094 2207 1234 2251 ornamenta
1252 2202 1300 2249 Im·

189 2265 319 2327 paratoria,
334 2268 357 2312 et
374 2264 511 2327 superbiam
523 2265 584 2325 judo
594 2265 695 2330 radiata,
710 2282 796 2330 sparge
806 2267 895 2330 apamia
905 2267 1042 2328 rruurugdm
1052 2267 1162 2316 virenter.
1196 2265 1300 2315 Monilia

223 2465 256 2514 Iu
269 2464 356 2513 Oxou.
365 2478 417 2514 see.
430 2464 468 2514 ita
479 2464 638 2515 inscribitur.
657 2464 690 2514 In
699 2465 760 2514 Vat.
773 2479 812 2526 pr.
826 2464 898 2515 Med.
909 2479 962 2516 reo.
974 2470 1002 2515 et
1012 2467 1073 2515 Vat.
1087 2464 1171 2514 Lirin.
1186 2472 1245 2515 erat
1260 2466 1299 2514 De

191 2530 317 2592 equorum
328 2530 392 2577 dato.
410 2529 482 2578 Med.
494 2537 579 2593 quart.
601 2529 688 2577 habet.
705 2530 745 2576 Ad
755 2541 839 2589 equum
850 2528 954 2577 Horrorr'i
969 2529 1063 2580 Sched.
1075 2530 1144 2580 Gud.
1162 2530 1202 2578 De
1215 2529 1299 2590 freae,

191 2592 302 2641 Phalerir
310 2597 334 2640 et
345 2592 447 2652 Cingula
456 2593 609 2640 inscribunt.
618 2592 680 2641 Var.
693 2592 744 2640 LI..
754 2591 797 2642 ed.
808 2591 888 2641 Antv.
908 2594 947 2642 De
956 2609 1013 2658 equo
1025 2594 1137 2644 Hortarii.
1148 2595 1247 2644 Moret.
1258 2608 1298 2658 pr.

191 2659 320 2706 Exeodem
332 2655 446 2705 exhibet.
464 2656 495 2704 In
507 2657 570 2704 Put.
583 2656 682 2705 duobus
693 2656 788 2705 Petav.
801 2660 850 2705 &a
863 2657 945 2706 Inscrl
966 2659 1003 2707 tio
1016 2658 1115 2707 deerat.

199 2741 200 2745 ¹
223 2726 236 2771 l
256 2723 319 2770 tanti
329 2721 367 2769 rui
378 2729 489 2783 quatuor
506 2721 581 2770 Vatt.
594 2719 676 2770 Hafa.
688 2720 746 2770 Pal.
762 2721 800 2769 cui
811 2723 875 2770 torui
886 2672 988 2772 Busffd.
1005 2737 1057 2772 cam
1066 2722 1131 2770 tanti
1142 2721 1229 2771 Oxou.
1242 2734 1295 2770 seo.

190 2800 278 2836 merere
290 2787 354 2834 Eae.
368 2786 477 2834 Lucens.
490 2789 579 2848 pru-2
597 2786 709 2834 Numinis
721 2787 786 2834 Exn.
798 2786 907 2836 Luceus.
919 2800 958 2849 pr.
976 2786 1087 2837 Nominis
1098 2791 1211 2853 quatuor
1221 2786 1296 2834 vau.

122 2847 125 2856 '
147 2894 150 2899 .
192 2849 273 2900 Hafn.
285 2851 343 2900 Pal.
357 2850 432 2901 Rott.
443 2851 528 2899 Oisel.
542 2852 658 2899 Floreat.
679 2851 730 2899 duo
742 2849 815 2899 Med.
828 2851 880 2901 inc.
892 2851 984 2900 Heius.
1002 2850 1065 2903 Pur.
1075 2848 1128 2901 dno
1141 2851 1235 2899 Petav.
1245 2851 1298 2898 Bo-

190 2929 250 2964 uou.
259 2913 350 2964 Ambr.
361 2921 421 2963 tert.
434 2916 529 2964 Moret.
541 2928 582 2977 pr.
592 2914 693 2964 Bualid.
712 2915 778 2964 Cod.
795 2915 885 2979 Epigr.
904 2914 995 2965 Ambr.
1010 2917 1075 2966 Ver.
1090 2906 1147 2965 ln.
1160 2914 1204 2964 ed.
1217 2912 1297 2964 Autv.

190 2979 303 3028 Hominis
313 2986 336 3028 et
347 2979 423 3027 rueris
435 2979 521 3029 Oxou.
533 2993 585 3026 aee.
601 2993 696 3027 serrare
711 2978 817 3028 Pal-s
835 2981 891 3029 tuda
903 2994 951 3043 pro
964 2979 1025 3039 juta
1043 2981 1106 3029 Vat.
1128 2984 1236 3030 tert—d
1248 2979 1297 3028 Ar·

187 3057 292 3105 goeoeque
304 3043 466 3092 lavareMed.
479 3057 530 3093 see.
547 3044 595 3091 tela
613 3041 703 3092 rotetur
727 3043 785 3092 Pal.
802 3043 853 3092 duo
874 3044 947 3094 Med.
968 3045 1031 3095 Put.
1047 3041 1135 3095 mutu
1152 3044 1215 3094 Vnt.
1235 3048 1296 3093 tert.

190 3106 262 3156 Med.
276 3111 380 3156 sea-6
399 3107 532 3156 Thessalica
543 3107 643 3155 Buslid.
658 3106 830 3170 praertrmgere
840 3109 901 3158 Vat.
914 3124 954 3171 pr.
968 3106 1120 3172 perfringere
1138 3106 1234 3158 Petav.
1255 3118 1296 3170 pr.

189 3175 348 3219 tramrurrere
357 3169 444 3219 Ambr.
454 3186 493 3234 pr.
505 3170 599 3220 Sched.
611 3171 679 3221 Gud.
697 3187 767 3220 curru
779 3179 832 3221 tres
851 3172 926 3222 Med.
939 3174 1001 3223 Put.
1021 3173 1072 3222 duo
1088 3173 1182 3222 Petav.
1194 3173 1297 3222 Bouou-

191 3235 242 3283 duo
251 3234 339 3283 Ambr.
350 3235 446 3284 Mutet.
456 3250 495 3298 pr.
506 3235 595 3285 Oxou.
606 3250 660 3285 aec.-
668 3237 769 3286 Buslid.
780 3238 841 3288 Vat.
853 3237 938 3285 Lirin.
950 3237 1014 3287 Cod.
1027 3236 1114 3299 Epiar.
1125 3235 1216 3285 Ambr.
1226 3235 1296 3285 Exn.

191 3300 299 3348 Lucana.
312 3313 351 3362 pr.
361 3300 423 3349 Var.
435 3300 510 3350 LL.e
521 3315 603 3364 marg.
615 3300 702 3350 Parm.
713 3307 741 3351 et
752 3301 792 3351 ed.
804 3299 884 3353 Antv.
900 3303 963 3350 saltu
974 3303 1056 3351 al.—8
1077 3302 1165 3364 Erepto
1175 3300 1234 3350 Pal.
1243 3314 1297 3364 pro·

688 3444 797 3494 NOTAE

222 3559 236 3604 l
255 3554 359 3618 Merum]
375 3555 419 3606 Ob
436 3555 617 3620 praestantiam
634 3560 661 3605 et
678 3571 721 3621 ge·
762 3563 790 3606 et
802 3556 1295 3619 sacrumatabulum,sacrumpraerepe,

189 3631 367 3682 autoritatem.
761 3647 836 3682 sacra
846 3634 936 3696 lupata
947 3632 1121 3696 appellantur,
1136 3630 1196 3697 quia
1204 3643 1299 3680 coure-r

220 3707 379 3771 2Numr‘m‘r]
407 3707 518 3758 Hunorii
539 3707 721 3772 Imperatoris,
760 3715 903 3758 cratasunt
923 3709 1037 3771 personis
1057 3708 1149 3769 saeris,
1167 3713 1194 3754 et
1206 3705 1294 3754 usibus

59 3774 64 3781 ¹
138 3784 140 3788 ’
188 3783 231 3847 qui
244 3783 347 3832 Numen
360 3783 488 3848 quoddam
498 3790 539 3833 est
550 3781 720 3846 aspectabile,
760 3789 864 3833 exemta
882 3783 1058 3847 profanorum,
1075 3795 1120 3830 seu
1138 3780 1295 3845 plebiapro·

188 3865 217 3907 ut
235 3867 295 3908 sunt
316 3861 398 3922 Reges
419 3867 446 3907 et
467 3859 652 3922 Imperatores,
675 3859 719 3922 qui
760 3859 837 3907 fana.

187 3933 266 3983 etiam
282 3934 308 3982 in
325 3949 398 3983 saera
414 3935 550 3998 Scriptura
560 3933 606 3981 Dr'r'
625 3948 719 3982 vocan·
792 3940 808 3983 4
827 3934 1001 3998 Cappadocum]
1026 3931 1203 3995 Cappadocia,
1219 3945 1293 3981 mona

187 4017 240 4059 tur.
759 4009 879 4074 Argaeur,
906 4010 1043 4075 Hispania,
1068 4007 1211 4069 Thessalia,
1233 4011 1295 4056 suut

208 4080 301 4135 'Sarma
309 4087 407 4151 lupatis]
424 4086 499 4137 Adeo
507 4101 580 4136 saera
588 4086 674 4136 omnia
682 4086 720 4136 di·
761 4088 869 4139 totidem
880 4090 937 4140 loen
947 4088 1020 4155 equis
1031 4085 1137 4151 optimis
1145 4084 1278 4138 foecunda.

188 4170 282 4214 eantur
293 4177 351 4229 quae
361 4171 422 4214 suut
432 4164 631 4230 Imperatorum.
651 4164 719 4214 Nam
