2700 4702
415 122 457 175 ut
481 119 659 173 sussuuu
683 121 756 172 usa.
778 122 823 175 ιι.
1079 104 1169 174 18⁰8

72 268 124 320 osia
139 264 222 321 sodo!
251 262 383 317 motas
403 265 495 316 eodem
515 264 598 316 libro:
636 265 819 316 etPoiitsrum
837 262 966 328 tigmentis
984 263 1054 331 apud
1064 264 1167 319 lnferos

69 343 327 413 ‘what-exsul
334 344 509 409 corporalibus
518 343 600 407 possit
637 341 800 393 atrocissime
819 340 948 405 punitam.
979 341 1024 392 Slc
1042 343 1167 394 hocloco

68 417 221 478 tdoenlh’
254 418 295 468 Sic
309 433 440 469 carcerem
454 419 546 468 animae
559 433 601 468 uo·
637 419 750 482 proditio
766 432 917 467 arcanorum
944 424 1042 468 aeterno
1065 419 1169 470 silentio

71 497 528 560 eantnobllissimiauctorescorpus.
550 497 600 546 Ln-
638 495 752 559 punitur.
784 494 828 544 Sic
838 493 926 543 subdit
946 509 1073 543 summum
1084 496 1169 546 scelus

66 589 156 635 canas,
179 574 226 622 llh,
250 587 289 623 vs.
318 571 462 636 ‘Adspicit
485 572 600 622 adstanti
637 571 706 636 apud
721 569 818 620 inferos
837 569 1055 621 esserefixiouem
1067 578 1095 622 et
1107 586 1170 623 uen-

68 649 182 717 projecti
195 649 314 713 corporis
329 648 445 698 umbram
463 648 600 698 Exanimes
638 648 762 698 ditionem
775 648 887 710 Legum:
906 653 934 696 et
954 648 1025 696 talia.
1061 647 1169 711 Sapien-

69 732 149 788 artns‚
171 725 307 790 invisaque
326 727 439 775 claustra
456 724 601 786 timentem,
639 734 680 776 ter
701 741 764 789 ergo
787 725 908 790 praecipit
928 725 1063 786 Horatius,
1081 727 1126 775 lih.
1149 739 1169 778 ι.

68 801 188 852 Carceris
205 799 324 865 antiqui!
343 801 487 864 .Gosspuges
498 800 602 864 elegan-
638 803 723 867 Epist.
735 807 774 852 18.
795 803 804 830 ⁴
821 801 953 851 Arcanum
968 816 1052 865 neque
1061 810 1088 851 tu
1100 816 1171 852 scru-

67 879 164 930 tissime
171 880 289 943 appellat
298 879 390 928 Cicero
400 879 433 928 de
441 879 601 927 Senectutes
639 880 735 930 laberis
756 879 831 928 ullius
850 894 973 944 unquam,
988 880 1170 930 Commissum·

64 957 153 1008 ⁴Nam
166 956 227 1006 dum
239 970 326 1005 snmus
337 955 365 1005 iu
377 955 418 1004 his
429 953 522 1005 inclusi
530 967 602 1004 eom·
638 971 689 1021 que
701 962 772 1020 teges
782 962 809 1004 et
820 955 879 1004 vino
890 961 973 1005 tortus
984 962 1011 1004 et
1020 955 1077 1005 ira!
1093 955 1169 1006 ldess.
1259 1015 1262 1020 ,

66 1032 179 1097 pagihns
190 1032 309 1096 corporis
318 1046 423 1082 munere
434 1029 546 1096 quodam
556 1043 601 1078 nc·
670 1036 719 1082 49⁰
736 1032 942 1081 AEteruosilesstis
955 1032 1044 1095 moeso]
1077 1032 1170 1084 Pisces

65 1108 199 1159 cessitatis
220 1115 250 1158 et
271 1108 345 1173 gravi
364 1119 444 1172 opere
467 1104 600 1170 perfungi·
639 1109 907 1158 siuntomaesmutos
922 1120 989 1158 essa.
1023 1108 1168 1159 Horatiust

65 1183 141 1234 mur!
638 1184 683 1234 ‘0
697 1184 774 1235 mutis
786 1197 888 1248 quoque
899 1183 1021 1246 piscihus,
1032 1184 1171 1234 Donatnra

99 1259 256 1310 Malos
265 1257 368 1322 ingerit]
385 1259 490 1320 Dogma
510 1258 602 1308 Socra·
639 1260 733 1323 Cygni,
744 1260 765 1309 si
777 1259 868 1321 libeat,
878 1259 986 1309 sonum!
1019 1263 1092 1312 ldesr.

64 1335 179 1385 tioornm
194 1341 223 1384 et
240 1334 372 1384 Platonis.
405 1334 473 1384 Vide
492 1334 602 1384 Phaedo·
671 1340 718 1385 491
732 1337 782 1384 Per
791 1337 961 1396 variosuarios,
976 1338 1094 1400 permitte
1102 1337 1171 1404 figas·

65 1417 177 1473 meamet
188 1412 246 1475 ejas
264 1412 391 1463 doctrinae
401 1414 474 1464 alios.
638 1412 691 1475 ros]
716 1413 786 1461 Mille
805 1419 891 1462 autem
902 1414 1000 1476 figuras
1015 1414 1090 1476 dixit,
1101 1412 1171 1478 qnod

102 1487 187 1553 Ursis]
202 1487 271 1538 Quis
289 1488 535 1538 truculentissimum
553 1488 603 1538 lroc
640 1500 770 1550 nunquam
782 1486 891 1535 animam
904 1489 1048 1550 quiescere,
1055 1486 1101 1535 sed
1110 1488 1171 1538 hine

67 1562 176 1626 mmai,
184 1561 248 1612 feris
258 1561 427 1628 barbarisque
437 1565 551 1615 moribus
558 1565 604 1613 ho·
640 1562 701 1611 inde
720 1562 747 1609 in
763 1566 792 1610 et
803 1574 851 1624 per
863 1561 981 1610 animalia
991 1562 1061 1609 varia
1073 1564 1172 1624 venire,

66 1639 153 1688 mines
163 1643 225 1703 post
240 1638 321 1688 vitam
337 1641 404 1690 hanc
415 1641 443 1690 in
462 1641 538 1704 hujus
554 1639 605 1690 for·
640 1637 764 1686 sciverint
774 1636 951 1700 Pythagorei.
975 1637 1102 1685 Periodos
1114 1637 1172 1686 illas

67 1727 139 1763 mam
150 1714 193 1763 vel
204 1728 299 1778 corpus
311 1715 422 1765 transire
433 1716 585 1766 censebant.
640 1713 829 1778 Pythagoricus
840 1727 967 1777 porussos
978 1714 1105 1775 intellige,
1113 1726 1172 1777 qum

100 1792 151 1838 484
168 1789 340 1852 Praedonesqse
363 1790 437 1854 lapis]
463 1789 603 1840 Baithius:
641 1791 762 1854 quoniam
772 1789 1174 1853 varioeetnonuniusspatiiha·

66 1867 74 1907 ⁴.
84 1863 197 1913 avaritia
203 1862 289 1913 fervet
295 1864 434 1915 alienarum
442 1882 520 1930 opum
530 1881 605 1929 erap-
642 1866 780 1927 uehuntur,
791 1865 875 1914 varios
886 1880 966 1914 annos
981 1865 1106 1915 eruditius
1117 1866 1173 1916 dix·

68 1941 131 1991 tor?
148 1941 259 1990 similem
280 1943 342 2006 lnpo
361 1943 478 1993 dixeris?
512 1945 547 1993 Et
568 1944 605 1993 sic
641 1943 672 2005 it,
681 1943 726 2006 qni
734 1957 785 1990 non
801 1941 835 1990 ad
847 1957 948 1991 cursum
959 1943 1026 1992 Solis
1043 1943 1173 1993 antSide·

67 2016 224 2066 molliuntur
245 2017 344 2067 tradita
363 2018 409 2067 ills
427 2019 554 2080 Platonis,
576 2024 605 2067 ut
642 2032 706 2079 rum,
715 2016 761 2065 sed
773 2032 820 2066 sna
829 2017 934 2080 propria
947 2018 1113 2080 proportione
1124 2024 1174 2069 ter·

68 2106 118 2156 pro
136 2094 198 2156 lupo
215 2093 292 2143 homo
315 2108 405 2157 rapax,
423 2109 471 2158 pro
492 2107 539 2143 sue
558 2094 605 2142 inr-
641 2095 810 2143 minarentur.
843 2093 878 2140 Et
894 2092 932 2140 sic
944 2091 1056 2140 latorum
1068 2092 1173 2156 quidam

67 2167 191 2232 mundns,
202 2183 249 2232 pro
260 2170 335 2219 leone
348 2169 420 2220 ferus
431 2171 603 2234 intelligatur.
643 2171 741 2233 Legem
760 2169 788 2217 in
799 2168 981 2231 Pythagoricis
1001 2168 1040 2216 hls
1058 2168 1174 2219 transmi-

68 2284 73 2294 .
102 2246 212 2296 Faliscos
221 2246 329 2310 rupuar
346 2248 426 2312 addit]
449 2249 531 2299 Velut
542 2266 605 2302 con·
642 2245 803 2310 grationibus
815 2251 915 2293 certam
926 2260 992 2305 esse,
1004 2247 1073 2308 ipsas
1085 2253 1173 2296 autem

67 2320 284 2385 jugioquopism.
300 2323 389 2373 Barth.
642 2324 739 2370 animas
751 2323 822 2370 varie
834 2323 1065 2387 multipliciterque
1081 2325 1174 2375 mutari

107 2396 222 2460 Vulpilsss
239 2397 321 2460 addit]
336 2397 449 2449 Quidam
467 2398 534 2448 aldit
546 2416 603 2450 cor·
642 2399 735 2448 scribit
752 2398 937 2460 Philostratus,
957 2400 1003 2450 lib.
1015 2414 1077 2450 vrrs.
1096 2399 1175 2464 Apol·

69 2472 178 2535 rigant:
188 2473 281 2537 scripti
288 2489 339 2524 non
346 2475 451 2539 juvant.
467 2477 502 2526 D.
512 2476 600 2529 Heius.
641 2475 691 2524 lon.
707 2490 765 2537 cap.
775 2479 799 2524 u.
812 2476 922 2522 transire
938 2475 963 2522 in
977 2478 1104 2535 volueres,
1122 2484 1175 2527 ter·

103 2552 153 2598 485
169 2551 203 2598 As
220 2550 262 2614 qai
276 2552 369 2600 desidio
384 2551 486 2614 semper]
518 2553 606 2603 Somno
642 2557 781 2610 restres,et
790 2549 900 2596 marinas
907 2549 1049 2599 animantes
1059 2553 1176 2615 AEgyptii

70 2623 135 2672 Pae
151 2630 181 2675 et
201 2637 252 2688 pto
264 2627 368 2677 disum
384 2629 497 2678 lectione
510 2631 606 2692 primus
642 2626 793 2686 tradebant,
803 2632 862 2688 post
880 2624 906 2672 in
922 2624 1048 2673 hominem
1068 2629 1176 2695 reverti,

68 2700 230 2750 Vaticanus:
249 2699 327 2763 forte,
345 2704 435 2752 desidia
450 2708 533 2754 sessui.
560 2707 606 2756 Se-
643 2710 673 2752 ut
685 2707 777 2750 auctor
788 2700 918 2750 Herodot.
930 2701 976 2749 lih.
991 2713 1021 2749 rr.
1056 2702 1131 2751 luens.
1169 2704 1172 2708 ’

70 2790 154 2840 quens
172 2791 262 2826 versus
282 2778 345 2826 nihil
362 2779 498 2830 Claudiani
517 2782 604 2832 hahet.
676 2778 726 2827 Per
736 2777 814 2826 corios
829 2791 911 2837 anuos,
927 2792 972 2839 per
989 2779 1053 2827 mille
1067 2776 1176 2845 figuras]

70 2851 145 2902 Puto
170 2852 370 2917 interpolatores
394 2855 436 2905 hic
458 2865 604 2921 grassatos:
642 2852 882 2904 Scribendamcum
894 2853 1004 2902 Lucensi
1023 2863 1049 2903 et
1065 2857 1176 2920 Gyrald.

69 2940 122 2989 pro
136 2926 238 2989 pingues
254 2933 330 2991 artas,
341 2945 406 2979 unus
418 2932 493 2981 Med.
515 2933 606 2996 pigros.
642 2929 775 2993 percutias
784 2930 901 2978 meister
915 2930 979 2978 mille
990 2930 1096 2995 figuras,
1106 2935 1175 2997 quod

71 3003 111 3052 l).
123 3003 216 3053 Heius.
555 3027 557 3030 ⁴
643 3006 788 3055 etBarthio
808 3006 835 3055 iu
851 3014 965 3055 ruentem
983 3002 1070 3057 venit:
1092 3025 1176 3075 neque

105 3079 208 3128 Desidia
218 3082 320 3145 semper]
331 3081 412 3133 Asino
422 3085 491 3135 hunc
503 3100 607 3150 aequare
644 3084 721 3132 aliter
732 3083 830 3147 primus
842 3083 984 3132 Vaticanus
1003 3099 1019 3132 a
1035 3101 1111 3135 marm
1122 3088 1175 3152 pri.

71 3160 189 3218 poterat,
207 3170 283 3219 quem
301 3158 392 3208 miram
404 3160 500 3222 omitti,
517 3175 576 3209 cnm
592 3176 608 3209 a
621 3164 623 3169 '
644 3174 703 3219 ma;
720 3159 770 3207 nisi
782 3158 851 3222 qnod
861 3160 887 3207 in
899 3173 930 3207 eo
939 3175 983 3222 per
994 3176 1041 3223 pro
1053 3169 1106 3211 ter:
1124 3170 1176 3214 ter.

72 3231 177 3280 oretefis
194 3230 252 3281 iere
268 3234 328 3284 hnic
349 3234 463 3285 ferorum
487 3239 607 3302 catalogo
645 3237 695 3286 tias
711 3236 798 3285 Vatic.
825 3236 910 3283 Varios
930 3236 1022 3284 animos
1038 3252 1081 3301 per
1100 3239 1177 3291 mitte:

70 3315 253 3358 accenseatur.
287 3312 375 3362 Basti.
644 3311 942 3370 atemeudatummrim
960 3313 1059 3360 animm.
1092 3313 1176 3364 Miror

106 3385 157 3432 ⁴88
172 3385 311 3448 Amoque
319 3391 393 3438 saeuit
408 3391 522 3454 Prodere]
549 3392 608 3442 Hoc
645 3387 765 3436 secundis
779 3386 848 3434 euris
868 3386 1003 3434 Burthium
1022 3387 1056 3434 de
1074 3389 1177 3452 conjec-

30 3475 33 3480 ·
72 3459 147 3514 inter
167 3459 277 3509 emmim
297 3477 394 3512 summa
414 3467 608 3518 constituerunt
646 3461 916 3512 turtssutdssbiiffle·
943 3459 1177 3526 AdAEgyptiorum

73 3535 105 3596 ii,
120 3534 265 3598 qniVitam
283 3537 431 3606 Politicam,
445 3550 473 3592 et
491 3543 608 3607 inprimis
645 3539 815 3602 'theologiam
834 3537 891 3585 hac
913 3535 994 3586 refert
1013 3538 1039 3585 in
1059 3539 1177 3604 Eruerpe

75 3610 265 3673 Monarchiani,
279 3616 437 3666 constituere
451 3620 532 3680 poeuis
549 3629 608 3683 post
645 3615 803 3665 Herodotus.
837 3613 1014 3671 Lovauiensis,
1036 3616 1178 3681 pereum,

74 3694 187 3736 mortem
194 3689 303 3737 sancitis
314 3693 459 3741 voluerunt.
476 3695 607 3758 Quicquid
644 3706 718 3740 assos
733 3695 786 3754 post
803 3690 876 3751 atille,
885 3688 996 3753 fimus:
1013 3691 1090 3738 etiam
1103 3692 1178 3757 bene,

73 3765 147 3812 euim
160 3765 204 3812 vel
215 3765 327 3826 Patriae,
338 3769 378 3814 vel
392 3769 483 3831 Regio,
493 3783 608 3819 nouuuu·
646 3777 673 3816 et
692 3783 725 3817 ex
737 3767 840 3827 Virgilii
859 3773 1004 3814 sententia:
1022 3770 1030 3792 ⁶
1044 3767 1087 3814 uhi
1107 3768 1177 3819 mille

76 3854 153 3904 qoam
165 3847 193 3890 et
201 3840 347 3906 tyrannico,
358 3845 487 3894 contraire
495 3845 610 3912 Imperio
646 3851 731 3894 rotam
746 3841 851 3890 solvere
872 3854 921 3903 per
938 3853 1028 3902 aunos,
1043 3842 1177 3894 Iaethaenm

75 3917 186 3982 uidebis,
196 3918 222 3966 id
233 3919 347 3982 reperies
358 3921 384 3968 in
396 3921 609 3988 Philosophorum
646 3920 680 3971 sd
692 3918 797 3970 dasium
809 3916 882 3966 Deus
893 3915 1004 3965 evocat?
1019 3915 1092 3967 Mille
1101 3918 1178 3970 lsstrs

518 4186 526 4197 ο

483 4204 534 4237 ,ν’
560 4226 566 4235 ι

504 4248 515 4265 J
559 4258 562 4263 .

484 4220 558 4373 μὲ

495 4392 505 4405 ι
