2700 4702
452 320 939 376 nrannnoornoouroo.·
1011 332 1017 342 ·
1134 313 1222 380 140⁷

121 457 227 507 alterius
245 457 312 509 velit
331 464 432 522 partem
453 459 529 511 dirisi
546 462 653 525 Imperii
723 462 792 518 Quod
802 467 894 528 respuit
904 468 967 516 alter
976 468 1002 517 iu
1011 469 1112 533 mem]
1130 468 1220 522 fleelnl

120 547 290 598 concerpere,
299 534 332 583 ad
344 549 422 599 seque
434 537 587 587 transferre.
610 539 653 587 ln·
689 537 813 589 videlicet
823 541 985 603 proditionis.
1002 544 1092 594 Bortl.

119 607 225 670 dignum
245 609 366 658 nimirum
386 608 489 662 facinus
511 628 606 677 genere
625 621 653 666 et
723 616 791 671 Quod
801 618 891 680 respuit
907 620 968 667 ulter
984 621 1011 668 iu
1027 622 1127 684 instem]
1145 623 1222 678 Quem

118 685 205 742 indole
215 686 309 750 Regis,
319 690 653 752 snnqnssoboruattrneo-
690 693 785 741 lovan.
797 695 877 756 Lego,
896 710 962 757 quem
973 702 1077 758 respuat,
1100 698 1151 759 vel,
1162 700 1223 761 quod

119 762 217 810 dorius.
252 761 347 812 Potest
358 768 385 812 et
395 765 548 829 Eutropium
567 769 653 818 tnrba-
687 773 792 830 respuat.
819 767 947 832 flagitium
979 771 1142 833 proditionis.
1173 787 1222 836 pro

119 852 177 887 rom
190 838 362 887 redemtorem
379 839 535 904 intelligere.
687 843 872 903 maliosolooat
894 844 969 906 prim.
989 845 1111 894 Vaticani
1130 846 1224 897 disere·

117 952 122 959 .
153 913 309 962 Committm
324 916 419 978 emtore]
436 917 551 968 Possunt
560 916 652 970 referti
690 931 754 980 pens
764 919 894 982 scripturo
904 921 998 970 tollunt.
1015 921 1048 968 D.
1062 921 1154 972 Heius.

118 989 177 1041 haec
190 989 224 1037 ad
236 989 399 1053 Eutropium.
425 993 593 1044 committere
601 1010 653 1044 em·
721 996 770 1042 279
789 995 910 1045 Continuat
928 995 1040 1058 mosam]
1071 997 1131 1045 Com
1146 998 1224 1048 tradit

118 1066 197 1128 tori„
210 1067 232 1114 sl
255 1066 381 1128 argutari
397 1069 470 1132 velis,
495 1069 531 1121 sit
556 1085 653 1122 emere.
691 1068 808 1132 plerique
820 1071 922 1134 scripti,
935 1078 980 1120 aut
991 1088 1043 1120 mm
1063 1075 1155 1135 trudat,
1170 1089 1223 1123 oum

118 1142 213 1191 Bortlt.
690 1145 832 1206 dounl,com
849 1146 939 1210 turbat,
951 1162 1004 1195 sum
1013 1149 1106 1210 prodit,
1116 1154 1144 1198 et
1155 1149 1225 1198 simi·

152 1221 204 1266 267
220 1216 273 1267 Hie
292 1218 385 1281 omme]
412 1218 467 1269 Hos
484 1220 576 1284 scripti
597 1220 653 1271 fera
690 1219 735 1269 lia.
768 1218 1005 1286 Puto,cumtrodit,
1024 1223 1120 1271 velaom
1130 1224 1223 1273 tradiit

120 1305 232 1342 omnesr
252 1294 339 1356 probe..
360 1309 407 1358 pro
426 1311 468 1345 aec
479 1312 520 1346 uos
536 1297 587 1347 duo
606 1312 655 1351 oar.
691 1296 774 1359 possit
786 1302 813 1345 et
825 1312 868 1346 our
878 1299 1019 1361 dount‚vel,
1030 1315 1095 1350 uum.
1112 1300 1201 1350 Idem..
1217 1315 1221 1323 ·

119 1383 171 1431 pro
182 1371 338 1430 committere,
349 1373 495 1424 nnunMsd.
506 1382 654 1431 summere.
722 1375 771 1421 280
789 1373 866 1423 Turio
885 1375 1018 1438 muniaris]
1046 1376 1078 1425 In
1097 1377 1160 1427 alins
1177 1390 1224 1426 sex

118 1445 178 1493 haeo
189 1456 251 1490 sana
261 1457 312 1491 non
323 1440 452 1492 videntur.
468 1443 504 1491 D.
520 1442 606 1493 Heius.
691 1446 787 1505 divisum
801 1450 993 1514 Carthaginem,
999 1453 1224 1517 Numidinmeri-

157 1519 247 1568 Vendit
263 1519 382 1582 patrium]
399 1520 504 1569 Summo
516 1536 532 1569 s
548 1521 655 1583 porrici·
692 1518 782 1580 polim,
801 1521 966 1585 Byzantium,
984 1528 1170 1578 Mauritaniam
1188 1529 1226 1577 si.

118 1584 166 1643 dio
179 1594 286 1643 scelere.
321 1594 417 1644 Patriae
434 1595 655 1659 enimapnreoti·
691 1591 820 1657 tifensem,
831 1595 1016 1647 Mauritaniam
1028 1598 1223 1652 Caesariensem

121 1671 173 1719 bos
182 1668 264 1718 honor
275 1669 385 1718 debetur
396 1685 518 1720 summus.
692 1668 783 1719 Bortlr.
1188 1718 1191 1726 ,

156 1746 271 1807 Plerique
289 1745 317 1793 ir
337 1750 428 1807 tempos
444 1746 521 1810 muri]
547 1746 657 1796 Contes-
725 1748 772 1793 281
789 1736 1132 1811 Auimuomutooeritonceps]
1147 1749 1226 1808 Nuto7

121 1828 183 1871 tata
199 1836 240 1870 res
250 1822 364 1884 gentium
375 1821 497 1885 historiis,
507 1823 656 1886 proditores
693 1821 753 1868 nerii
764 1820 903 1883 legendum
915 1837 973 1871 cum
981 1823 1132 1872 melioribus
1143 1824 1225 1876 libris.

122 1901 185 1960 post
196 1909 304 1959 operam
313 1896 365 1944 suis
372 1897 485 1947 moribus
493 1899 656 1948 interemtos.
694 1894 776 1944 Aldus
787 1901 815 1944 et
826 1888 917 1959 sc‘ripti
935 1899 1050 1946 nonnulli
1060 1900 1164 1948 orimum
1175 1916 1227 1949 mu-

123 1972 217 2022 Bortls.
693 1973 797 2021 tenerit:
814 1972 882 2020 unde
903 1974 1008 2022 utimum
1025 1978 1145 2024 nutaverit
1165 1975 1225 2024 olim

157 2050 207 2095 268
227 2046 311 2095 Tenuit
329 2045 363 2095 sio
376 2047 453 2096 Groio
468 2049 595 2112 Philippus
607 2051 657 2113 Op·
695 2048 880 2096 emendandum
894 2049 1040 2110 videbatur,
1051 2051 1119 2114 quod
1135 2051 1225 2100 Silium

120 2121 195 2187 pido]
212 2122 242 2170 In
256 2121 388 2171 Oiselinuo
398 2124 487 2174 renuit.
504 2125 640 2174 D.Hoins.
694 2124 1226 2175 siclocutumexistimareml.1.‘Stantem

157 2202 207 2247 269
225 2198 313 2247 Pellaeo
340 2198 437 2248 libertos
462 2201 565 2250 concidit
588 2202 658 2265 auro]
695 2215 742 2265 pro
755 2215 828 2250 muro
840 2206 868 2250 et
886 2208 1020 2250 notantem
1032 2201 1148 2250 membra
1159 2201 1226 2264 Cey-

123 2274 206 2323 Nota
217 2279 287 2323 artes
305 2275 385 2337 Regis
403 2276 564 2338 astutissimi,
580 2277 658 2327 dictis
696 2274 776 2323 cum:’
793 2276 830 2324 sic
843 2275 911 2324 euim
924 2276 1012 2325 Oxou.
1024 2275 1099 2339 liber,
1115 2290 1165 2324 non
1177 2291 1226 2324 mo·

124 2350 206 2399 etiam
223 2352 372 2414 celebrate3
389 2359 488 2402 utrum
506 2356 604 2403 nullum
621 2355 658 2403 lo-
696 2353 999 2414 contemnendarum:
1011 2353 1052 2400 vel
1065 2352 1227 2402 oumColon.

123 2439 185 2474 enm
198 2425 425 2490 inexpugnabilem
442 2426 595 2492 autumavit,
607 2445 659 2494 quo
694 2427 873 2476 ‘minitantem
883 2428 972 2478 venaz'
985 2428 1026 2478 vel
1035 2443 1092 2478 oum
1100 2428 1131 2477 P.
1139 2428 1228 2478 Victo·

123 2501 197 2564 adigi
210 2509 299 2564 posset
309 2503 403 2552 asellus
412 2519 475 2553 auro
486 2511 599 2555 nortatus.
696 2503 735 2551 rio
748 2502 902 2552 ‘mutantem
912 2503 1013 2553 verba?
1024 2505 1041 2552 l.
1052 2517 1090 2552 vr.
1103 2503 1110 2531 ‘
1122 2502 1227 2552 Arduus

160 2577 261 2639 Pelloeo]
277 2579 330 2626 Per
341 2585 498 2626 contemtum
520 2595 572 2626 non
592 2596 652 2626 raro
695 2579 1228 2635 illesupertumidiacervioibusultumNu·

125 2651 276 2703 nominatur
297 2651 368 2700 Urbs
387 2656 447 2700 ants
465 2652 616 2716 Philippum
631 2658 659 2700 et
696 2653 737 2696 tat
754 2655 865 2711 utroque
883 2648 988 2710 caputz'
1005 2650 1042 2697 sio
1055 2653 1146 2700 Colon.
1161 2651 1228 2713 opti-

126 2727 306 2777 Alexendrum
317 2733 477 2777 contemtum
488 2728 621 2791 oppidum.
696 2737 767 2771 mus:
778 2723 794 2771 l.
803 2736 873 2771 xvir.
884 2723 891 2749 ‘
901 2723 972 2773 Quos
981 2722 1154 2771 obinatantes
1166 2738 1227 2773 con·

159 2803 238 2866 Auro]
269 2803 369 2851 Notum
393 2801 548 2853 Oraculum:
577 2804 659 2867 Ἀργυ.
696 2796 1014 2861 spexitAmilcurecretns
1031 2797 1115 2860 Terga
1131 2796 1228 2861 sagn?

124 2876 190 2941 ρέαις
208 2874 419 2943 λόγχωιμάχου,
433 2879 472 2928 καὶ
486 2878 564 2929 πάντα
574 2879 660 2943 κρατή.
696 2873 826 2937 qnomodo,
839 2873 922 2935 prima
930 2872 1020 2935 editio,
1036 2887 1086 2921 non
1096 2877 1229 2923 mutantes:

125 2972 185 3004 neu.
204 2955 293 3006 Bostlr.
654 2976 656 2981 ,
697 2962 765 2996 nune
777 2947 923 2996 accuratius
935 2949 993 2996 loca
1003 2948 1047 2996 illa
1056 2947 1230 3010 perpendenti

126 3066 129 3071 Δ
160 3036 210 3080 2⁷0
228 3031 660 3095 Rumaigcelerumgmrprwere
697 3024 780 3086 primo
792 3037 867 3071 verso
877 3024 1004 3072 nudantem
1014 3023 1125 3086 membro,
1133 3030 1161 3073 et
1177 3029 1229 3072 ter·

126 3105 264 3168 ministros]
281 3106 361 3154 Ferro
373 3105 439 3154 enim
451 3114 480 3154 et
490 3107 598 3165 virtute,
608 3120 659 3155 nou
697 3100 735 3149 tio
744 3101 860 3148 nudantes
880 3104 959 3160 tergo,
977 3099 1142 3150 scribendum
1157 3099 1230 3149 vide·

122 3196 192 3232 outo
213 3188 241 3232 et
258 3181 571 3245 negotiationibus‚<belln
587 3197 660 3245 gere·
697 3181 749 3222 tur·
784 3174 910 3222 Ettenlm
927 3173 1031 3236 Virgilii
1051 3174 1096 3222 illa
1114 3174 1230 3233 immiti!

126 3259 204 3307 bant.
222 3257 297 3308 Idem.
697 3250 798 3299 AEneid.
808 3264 833 3299 v.
851 3251 902 3298 ‘Et
923 3265 991 3300 nunc
1011 3256 1086 3314 terga
1100 3249 1172 3314 fugo!
1182 3262 1231 3299 no·

161 3336 210 3381 272
228 3331 308 3394 Petit]
324 3330 416 3380 Petiit.
435 3333 509 3381 Idem.
698 3326 772 3386 dant,
784 3340 852 3375 nuno
871 3326 972 3388 spicula
992 3332 1096 3376 vertunt
1113 3322 1231 3375 Intonsi?

162 3410 212 3456 274
230 3408 346 3471 Patrone]
356 3405 499 3468 Confioere‚
510 3405 644 3469 perticere.
697 3399 797 3449 medius
809 3414 898 3450 versus
906 3401 1073 3450 distinetione
1084 3405 1143 3461 post
1152 3397 1182 3446 ri
1191 3413 1231 3448 so·

163 3482 306 3540 Persamuu·
314 3482 395 3543 nefas]
412 3480 450 3529 At
461 3481 517 3546 quis
528 3481 570 3529 luc
581 3479 660 3529 famu·
696 3474 883 3539 perjurandum
911 3474 955 3523 An
966 3473 1138 3522 Claudianum
1149 3472 1232 3534 igitur

126 3556 662 3621 lustExplicantliisrorici.A.Gell.⁴re·
698 3557 728 3599 ut
747 3559 917 3611 revertamur,
943 3563 1000 3596 cum
1024 3549 1118 3597 Lovan·
1144 3547 1231 3597 mimis

129 3635 172 3699 gi,
184 3633 280 3697 Pyrrhi
298 3631 425 3692 amicum
445 3631 490 3680 lib.
508 3645 550 3679 m.
566 3646 623 3694 cap.
636 3636 661 3680 8.
697 3625 817 3674 uuiumril
827 3624 1046 3685 exhibeat,nullus
1055 3622 1145 3672 dubito
1155 3622 1230 3672 animi

129 3716 218 3761 vocat.
244 3710 333 3759 Valer.
354 3707 456 3757 Antiati
479 3705 562 3756 veteri
583 3705 661 3755 histo·
698 3702 817 3750 uutonerit
834 3715 917 3762 orroeps
933 3699 1086 3762 legendum:
1104 3697 1142 3747 sio
1159 3697 1230 3761 slibi,

129 3787 187 3836 rico
211 3786 390 3834 ‘Timochares
408 3779 608 3831 Ambraciensis’
624 3780 663 3830 di·
699 3775 862 3838 ‘Ambiguns
884 3772 1068 3837 vitaejacu'ltt'
1091 3779 1118 3821 et
1144 3771 1230 3836 ‘Ergo

130 3864 211 3912 citur.
227 3862 364 3924 Dempster.
700 3853 777 3901 animi
788 3850 895 3900 victnst'
904 3859 930 3899 et
943 3851 1019 3899 Cous.
1029 3849 1131 3911 Manlii,
1139 3864 1164 3899 v.
1171 3853 1230 3900 211.
1254 3864 1256 3866 ·

164 3937 303 3999 Deciosque
325 3934 450 3996 Camillus]
466 3930 583 3981 Historia
594 3929 663 3993 opud
698 3929 760 3977 ‘Sic
772 3928 872 3990 patiens
884 3926 960 3974 arrimi
973 3940 1019 3987 per
1038 3930 1112 3986 tanta
1123 3924 1230 3986 negotia

131 4012 246 4072 Livium,
257 4012 302 4060 lib.
314 4025 341 4059 v.
358 4010 447 4058 Borllr.
700 4004 763 4052 liber
776 4001 915 4064 limergitz’
926 4001 1054 4065 quomodo
1063 4006 1136 4048 vetus
1145 4000 1229 4051 liber:

166 4093 214 4138 275
233 4089 323 4136 Pueros
333 4085 500 4148 odoramine]
516 4083 595 4148 Apud
606 4085 664 4134 Flo.
700 4079 761 4128 nihil
773 4077 853 4138 magis
870 4077 989 4126 obvium:
1007 4077 1075 4140 apud
1091 4074 1232 4138 Apuleium

133 4176 192 4215 rum
201 4169 321 4212 narratur
330 4162 386 4212 lraeo
393 4161 453 4210 hist.
701 4159 728 4208 in
739 4156 914 4218 Metamorph.
932 4155 1022 4202 libris:
1040 4153 1128 4216 Impos
1145 4152 1233 4216 animi,

136 4288 139 4293 .
166 4244 214 4290 277
233 4238 343 4303 Movent]
366 4236 515 4302 Concutiat,
523 4236 664 4306 convellot.
699 4227 1232 4298 infirmusmagermonoius,renoramini,
