2700 4702
122 266 210 339 rata
311 281 645 335 murmuratorum
670 282 710 332 ru
734 282 792 332 on.
815 282 954 332 curun.
978 282 1036 331 ιιι.

128 457 132 463 -
156 431 204 479 lua
217 424 434 490 Orbisqueruinos]
445 424 604 475 Diuitiarum
612 438 656 472 ex·
691 438 761 488 num,
780 430 809 474 et
827 423 891 474 nibil
911 424 1019 488 parcere
1037 423 1167 488 egestatis
1186 429 1231 477 eet

121 503 254 555 auctiones
277 508 305 552 et
329 502 542 552 conturbationes
566 515 655 565 opum,
691 499 810 551 initum!
854 500 924 550 Hinc
941 500 1037 550 Horat.
1056 505 1134 550 recte
1152 499 1230 564 dlclt,

122 576 655 643 u'udeConturbarequoquedicnnturqui
691 575 738 625 lib.
757 590 801 628 ιιι.
825 577 869 626 od.
889 580 929 626 0..
943 577 951 605 ⁶
964 576 1024 625 Non
1044 575 1226 639 possidentur

28 680 30 687 ·
121 653 197 705 bouis
207 652 369 702 exciderunt.
386 653 475 702 Barth.
691 653 773 702 multa
783 653 918 703 vocaveris
930 654 1013 701 Recte
1025 651 1150 702 beatumr
1172 666 1226 703 reo·

128 772 130 776 .
156 727 274 792 Orbisque
281 727 376 789 ruinas]
393 728 487 790 isingr.
497 733 524 776 et
533 727 656 779 Patavin.
691 729 745 777 tius
756 736 867 791 occupat
885 728 986 777 Nomen
1000 727 1081 790 beati,
1100 728 1148 792 qui
1167 727 1226 778 ‹leo-

121 804 234 867 rapa'aor:
251 803 493 865 recte,nisimiaom
501 804 590 854 moris.
600 803 655 853 Pro
692 817 747 853 rum
756 803 908 854 Muneribus
917 803 1050 865 sapienter
1058 802 1109 863 uti,
1117 802 1225 853 Duram·

122 882 204 932 domus
214 881 295 930 etiam
309 893 392 931 mosae
400 884 512 944 quatuor
523 880 582 929 alii:
601 881 654 943 pla·
692 892 742 942 que
754 878 832 931 callet
842 879 992 944 pauperiem
1005 878 1073 942 pati,
1091 879 1222 944 Pejusque

122 964 176 1006 cet:
186 956 229 1005 lib.
241 969 261 1005 1.
274 957 299 1005 in
313 955 424 1018 Eutrop.
440 956 525 1004 ‘nunc
537 955 655 1006 uberiore
691 953 762 1002 letbo
773 951 898 1016 flagitium
908 954 1002 1017 timet,'
1011 957 1063 1005 doc.
1080 954 1171 1006 Banu.

122 1033 214 1096 rapina
233 1031 332 1082 Peccat
350 1030 376 1080 in
396 1030 460 1079 orbe
484 1030 591 1082 munus!
617 1032 654 1082 D.
724 1032 773 1077 200
797 1027 894 1092 Semper
912 1028 979 1091 inops
999 1026 1133 1093 measque
1150 1025 1222 1093 rapit]

123 1108 211 1160 Heius.
691 1104 728 1153 Et
745 1103 801 1153 boec
818 1104 940 1154 traducta
957 1104 1080 1155 videntur
1097 1105 1223 1165 omuiaex

156 1187 204 1236 lat
219 1183 374 1247 Accipitrum
388 1183 480 1246 domas]
503 1180 591 1233 Rufini
610 1181 654 1231 dn·
691 1180 784 1228 divinis
803 1180 905 1229 monitis
922 1181 1040 1242 Senecae,
1060 1180 1146 1244 Epist.
1165 1192 1222 1233 xri·

122 1275 179 1311 mus
190 1266 246 1312 erat
257 1259 330 1323 quasi
341 1259 463 1321 spelunca
474 1257 612 1308 latrocinii.
692 1256 700 1284 ‘
713 1254 755 1325 Ab
769 1258 880 1320 Epicuro
891 1256 990 1308 dictum
1008 1263 1067 1308 est:
1086 1258 1114 1309 si
1130 1257 1165 1307 ed
1181 1272 1222 1308 aa·

128 1372 133 1379 -
155 1336 243 1400 Populi
252 1336 342 1385 servire
352 1334 438 1397 coorti]
456 1334 582 1383 venditos
599 1334 655 1382 vult
693 1338 777 1383 turam
795 1333 874 1395 vives,
892 1348 1022 1398 nunqnam
1035 1334 1091 1387 eris
1109 1341 1222 1398 paupert

121 1413 224 1478 pretio;
241 1426 333 1474 parum
352 1409 465 1459 sollicito
481 1408 575 1458 Rufino
591 1422 654 1473 quo·
691 1409 712 1458 si
724 1409 1149 1476 adopiniouemmunquamdlves.
1164 1410 1222 1461 Exi-r

120 1488 198 1539 modo
220 1486 361 1551 provinciae
389 1492 550 1549 regerentur,
577 1485 654 1535 modo
692 1500 770 1550 gnum
792 1493 885 1537 natura
904 1487 1045 1549 desiderat,
1071 1487 1163 1550 opinio
1179 1487 1223 1537 im·

80 1613 82 1615 ,
120 1562 654 1627 pretiumaPraesidibusenteiugressum,
691 1561 824 1624 mensum,’
835 1565 886 1611 &a
911 1562 1039 1625 Apuleius
1048 1562 1162 1626 Apolog.
1178 1562 1221 1612 ‘Ia

121 1645 230 1704 postque
247 1638 505 1698 administrationem,
525 1636 595 1686 etin
614 1652 654 1700 ea,
691 1637 829 1702 plurimum
841 1639 948 1688 babebit
960 1640 1005 1704 qui
1014 1640 1148 1690 minimum
1160 1639 1222 1688 desi·

121 1715 218 1778 grande
230 1714 263 1764 ad
278 1730 306 1764 se
323 1714 442 1764 rediret·
462 1713 521 1763 Hoc
537 1727 598 1762 rere
614 1718 654 1762 est
691 1713 997 1773 derabit3babebitenim
1009 1714 1223 1778 quantumvolet,

121 1789 263 1854 deglubere
275 1803 344 1840 oves.
362 1789 450 1839 Bortb.
691 1787 735 1851 qui
748 1789 818 1836 volet
830 1787 977 1838 minimum!
994 1788 1072 1840 Idem.

131 1871 201 1916 'let
221 1865 351 1927 Oceanum]
377 1865 483 1915 Limites
502 1865 548 1914 laos
565 1865 653 1914 crede·
722 1867 771 1912 201
796 1863 919 1913 Fobritiuo
937 1863 1023 1927 parco]
1055 1867 1177 1916 Lucanus
1194 1865 1221 1917 li·

119 1942 183 1993 bant
194 1945 237 2001 τῆς
248 1940 389 2005 οἰκουμένης,
405 1949 457 1992 tam
469 1942 551 2005 inepti
564 1942 654 1993 talium
691 1937 738 1989 bro
752 1951 780 1988 ιι.
802 1939 895 1988 ‘Pone
911 1938 991 2009 duces
1009 1940 1111 2002 priscos
1132 1948 1161 1991 et
1178 1957 1224 1990 nu·

119 2032 206 2068 rerum
234 2018 409 2082 indagatione,
436 2024 465 2065 ut
491 2016 653 2065 Britanniam
691 2014 953 2079 minapauperisaevi
967 2015 1108 2078 Fabritios,
1122 2018 1225 2067 Curios,

121 2108 179 2158 quae
192 2109 225 2142 ex
235 2094 326 2144 Gallim
339 2092 455 2142 confiniis
467 2093 582 2157 conspici
592 2092 653 2141 emi·
691 2104 741 2153 que
754 2104 853 2153 graves,
870 2090 913 2139 bic
929 2090 973 2140 ille
990 2091 1128 2143 recumbat
1138 2092 1222 2142 Sordi-

120 2183 168 2218 nas
187 2170 312 2233 potuerit,
328 2169 405 2219 alium
421 2168 509 2218 orbem
528 2169 652 2232 putarint.
691 2165 740 2213 dns
759 2164 895 2214 Hetruscis
914 2165 1041 2215 abductus
1052 2167 1151 2219 Consul
1170 2181 1225 2216 arm

119 2243 215 2310 Itaque
227 2245 361 2295 Oceanum
370 2245 537 2308 navigaturos
543 2246 600 2308 jam
608 2246 654 2294 So·
691 2239 757 2290 tris!
786 2240 856 2291 Quos
865 2251 918 2291 tres
929 2243 983 2304 ejus
992 2241 1140 2295 imitatione
1150 2243 1225 2293 Clam

120 2319 171 2370 lem
194 2322 348 2384 relinquere,
366 2327 395 2368 et
414 2320 440 2368 in
461 2321 577 2369 Deorum
600 2334 652 2370 non
691 2321 781 2370 dianus
792 2322 841 2370 hoc
853 2324 909 2372 loco
921 2323 1038 2386 protulit.

118 2394 249 2446 bominum
261 2394 336 2443 sedes
353 2395 391 2442 ire
407 2393 536 2444 dicebant.
569 2394 652 2445 Pedo.
723 2397 826 2445 Mtcnero
836 2398 939 2461 mgna]
955 2399 1126 2464 Quaecunque
1144 2415 1160 2450 a
1175 2401 1225 2450 Re-

119 2470 214 2534 Itaque
225 2470 258 2517 acl
270 2470 405 2519 Oceanum
416 2470 515 2532 venire,
524 2477 582 2520 erat
593 2472 654 2520 ulti·
691 2471 766 2535 gibus
775 2473 830 2522 dari
840 2481 1026 2537 poterant,non
1035 2476 1117 2524 solum
1128 2476 1226 2540 Pyrrhi

119 2560 174 2607 rnas
184 2547 227 2604 τῆς
238 2543 371 2606 οἰκουμένης
383 2560 440 2594 oras
453 2554 550 2607 tenere,
564 2561 615 2612 quo
625 2554 653 2596 et
691 2548 768 2610 illius,
779 2550 823 2597 sed
836 2551 957 2614 quicquid
970 2552 1050 2615 regali
1063 2552 1163 2602 ambitu
1175 2568 1226 2603 rno-

119 2620 579 2688 subulosaquaequeremovebantur.
691 2639 747 2673 ram
770 2626 867 2689 regulae
893 2641 988 2677 nocere
1010 2641 1086 2690 posse
1107 2628 1224 2682 videbat.

152 2698 248 2747 Rutilus
267 2698 313 2748 tibi
333 2697 423 2762 Lydio]
450 2698 494 2749 ob
515 2700 653 2749 Pactolum
693 2701 780 2751 Barth.

118 2771 267 2837 vaudppoar
295 2774 511 2837 cognominatum.
556 2775 653 2832 Similia
723 2781 772 2826 202
789 2777 919 2841 Serranus]
937 2779 1048 2828 Rutilius
1065 2778 1221 2831 Itineram.

119 2862 158 2898 tr.
176 2849 252 2899 Cous.
272 2851 341 2899 Hou.
364 2850 424 2897 ‘Tu
445 2849 505 2898 licet
521 2856 652 2899 extremos
691 2851 825 2916 ‘Exiguus
853 2854 955 2916 Regum
982 2854 1110 2904 [lectores
1133 2870 1225 2920 cespes

118 2923 172 2977 late
184 2925 318 2974 dominere
330 2939 376 2988 per
395 2925 485 2986 Indos,
502 2929 538 2975 Te
550 2928 654 2989 Medus,
691 2927 787 2989 alebat,
806 2928 841 2976 Et
857 2926 1022 2976 Cincinnatos
1034 2929 1131 2992 jugera
1142 2944 1224 2993 pauca

118 3001 241 3061 temollis
252 3000 346 3060 Arabs,
365 3007 391 3049 te
402 3003 477 3049 Seres
489 3001 608 3062 adorent,
626 3005 653 3053 Si
691 3001 796 3052 dabant.
830 3001 987 3050 Haecetiam
1004 3002 1142 3054 nobisnou
1159 3005 1224 3056 infe·

118 3077 223 3136 metuis,
235 3077 255 3125 si
267 3091 348 3139 prava
359 3077 441 3140 corpis,
457 3079 477 3126 si
490 3079 591 3127 duceris
604 3082 652 3143 ira,
691 3077 759 3126 riora
770 3077 889 3125 feruntur
897 3079 1009 3127 Vomere
1019 3078 1124 3129 Serrani
1136 3081 1225 3131 Fabri.

119 3149 224 3203 Servitii
237 3153 451 3216 patierejugum,’
463 3157 512 3204 &c
531 3157 619 3206 Berlin.
692 3153 772 3216 tiique
783 3152 859 3202 foco!
891 3154 999 3203 sudabat
1010 3154 1088 3218 dixit,
1099 3157 1222 3220 utipsum

129 3233 200 3287 ,198
224 3230 327 3293 Cyrique
348 3230 424 3293 tiara]
449 3231 548 3296 Scripti
562 3235 653 3284 ,solium
690 3243 793 3278 manum
822 3229 895 3292 operi
922 3229 1068 3280 admovisse
1095 3231 1227 3287 declaret.

121 3304 180 3366 Cyri
193 3303 312 3367 Croesique
330 3305 403 3366 tiara,
421 3308 462 3356 vel
479 3308 565 3360 tiore:
589 3311 652 3359 nihil
691 3305 767 3354 Idem·
1144 3356 1147 3361 ,

119 3385 201 3440 muto,
220 3379 269 3426 nisi
282 3381 350 3444 quod
361 3385 436 3430 tiaras
448 3385 550 3434 malim:
571 3393 601 3436 ut
612 3401 652 3438 tv.
722 3383 770 3428 2⁰3
790 3379 863 3443 c¹¹⁸0]
880 3379 954 3443 Villi,
973 3382 1086 3446 plebeia,
1106 3385 1140 3435 de
1157 3384 1223 3437 rutis

120 3455 197 3507 Cous.
216 3456 286 3506 Hon.
301 3457 309 3483 ‘
324 3458 452 3508 Barbarus
471 3460 580 3510 Arsacio
592 3476 652 3510 con.
690 3455 868 3521 similitudine,
880 3457 965 3508 imoin
975 3459 1032 3522 ipso
1045 3473 1105 3511 rnre
1117 3459 1226 3512 domnas

119 3538 238 3595 turgeret
250 3547 294 3582 ore
307 3534 406 3583 tiaras!
413 3536 552 3597 Vulgarum
563 3537 588 3585 in
601 3552 653 3586 oae-
690 3532 758 3586 cula·

119 3609 183 3662 teris
202 3609 356 3672 scripturam
371 3611 433 3674 jure
450 3612 570 3661 Bartbius
587 3626 654 3676 prae·
721 3609 848 3670 Pugnaces
858 3609 955 3675 cnm]
974 3610 1063 3671 Mares
1076 3613 1227 3664 vocatinde

14 3685 15 3688 ’
118 3682 181 3735 fert.
200 3686 232 3733 D.
246 3686 333 3734 Heius.
691 3683 830 3737 Horatius:
846 3687 902 3736 ‘Et
918 3687 1031 3737 maribus
1042 3689 1129 3738 Curiis
1141 3689 1227 3741 etde·

138 3764 201 3815 ,100
219 3761 344 3824 Nunquam
356 3763 421 3811 diues
435 3762 493 3825 eris]
510 3764 605 3814 Pulore
618 3780 651 3817 err
690 3767 796 3810 cantata
823 3762 938 3811 Camillis
949 3762 966 3812 ι’
1000 3762 1028 3813 in
1052 3765 1246 3831 opprobrium,

120 3834 219 3891 Rutilio
232 3837 314 3900 Lupo,
334 3837 379 3886 lib.
392 3850 423 3886 ιι.
456 3839 650 3904 ‘Nequaquam
688 3837 827 3887 seculisui.
861 3839 1026 3887 Erantenim
1043 3840 1088 3902 qul
1105 3841 1227 3895 vultnet

118 3911 181 3961 mibi
194 3912 266 3962 dives
278 3921 328 3975 est,
343 3914 460 3977 quamvis
477 3916 558 3964 multa
571 3917 651 3978 possi·
689 3913 791 3963 incessu
803 3911 921 3963 foeminas
933 3911 1111 3978 morbumque,
1132 3922 1162 3965 ut
1176 3916 1229 3969 Ju-

119 3987 191 4050 deat,
203 3989 247 4052 qui
259 4004 344 4051 neque
352 3987 428 4039 finem
437 3984 656 4054 habct'cupicndi
689 3990 923 4054 venalisappellat,
934 3989 1096 4041 fatebantur.
1112 3992 1205 4043 Bata

118 4063 318 4126 nequemodum
335 4065 428 4114 statuit
446 4065 545 4114 utendi.
581 4068 650 4118 Nam
720 4070 769 4117 204
787 4067 848 4125 Hoc
864 4066 924 4116 mua·
940 4071 1069 4130 pauperior
1084 4067 1225 4134 sagnator]

118 4143 146 4188 et
157 4138 264 4196 multum
274 4139 423 4195 desiderare
435 4149 476 4193 est
487 4143 589 4206 egentis
601 4143 652 4208 sig·
690 4145 831 4211 opulentior
841 4144 967 4213 Isingrin,
982 4145 1095 4214 lauceae.
1111 4144 1228 4213 upum.
