2700 4702
126 302 197 370 988
447 317 507 367 ou.
530 316 745 367 ousuorsur
767 315 912 367 xxxrr.

174 460 263 524 Tum
278 459 388 542 gravis
400 479 445 524 ex
459 459 528 524 alto
543 459 669 540 genitor
684 459 732 523 sic
746 478 844 523 orsus
861 457 1026 542 Olympo:

130 560 314 627 Abduxere
327 580 420 625 meas
434 561 552 624 iterum
566 560 719 623 mortalia
735 580 843 640 curas

129 662 210 728 Jam
226 662 353 746 pridem
369 663 519 744 neglecta
532 662 625 739 mihi,
642 662 800 726 Saturnia
813 670 990 748 postquam
1186 658 1230 725 20

26 852 28 857 Δ
131 764 214 829 Otia
228 772 262 830 et
275 767 384 846 ignavi
400 765 527 828 senium
541 765 760 843 eognovimus
775 768 852 843 aevi,

130 866 334 949 sopitosque
351 866 408 930 diu
421 867 568 950 populos
581 872 712 948 torpore
727 873 865 948 paterno

130 966 280 1032 Solicitae
297 968 424 1050 placuit
440 968 585 1031 stimulis
601 965 772 1048 impellere
792 968 883 1046 vitea,

129 1068 270 1133 incultis
284 1089 325 1133 ne
342 1074 459 1152 sponte
475 1087 572 1150 seges
588 1066 819 1148 grandesceret
834 1069 935 1146 arvis,
999 1144 1007 1159 Ι

129 1168 280 1233 Undaret
293 1189 360 1232 neu
375 1169 470 1252 sylva
486 1169 584 1243 favis,
599 1187 663 1230 neu
677 1169 757 1231 vina
771 1173 933 1233 tumerent
988 1162 1000 1193 ³
1185 1167 1231 1235 25

130 1270 306 1349 FontibuS,
321 1274 354 1334 et
369 1275 449 1334 totae
464 1269 640 1334 fremerent
654 1271 689 1334 in
702 1271 827 1354 pocula
839 1273 936 1355 ripae.

127 1471 220 1520 silentes
236 1469 385 1518 admirantur
406 1468 488 1520 Astra.
516 1470 580 1518 lunc
598 1476 667 1533 pater
687 1472 799 1520 aeroma
818 1471 855 1519 tto
872 1471 961 1519 locutus
982 1476 1024 1518 eat
1040 1484 1071 1518 eo:
1085 1469 1141 1518 coek
1155 1469 1230 1519 celso:

128 1535 181 1584 Res
200 1536 307 1583 trumanoe
323 1538 444 1582 contemta
462 1550 477 1582 a
498 1549 534 1582 me
550 1536 637 1583 dudum
653 1536 818 1599 applicuerunt
828 1549 910 1584 rursus
925 1535 1029 1583 animum
1042 1549 1128 1594 meum,
1137 1539 1230 1596 posteo·

127 1614 196 1662 pons
211 1600 312 1647 vidimus
327 1598 449 1658 ignauiam
470 1599 560 1647 saeculi
581 1599 689 1661 Saturni,
704 1606 729 1648 et
746 1601 885 1651 tarditatem
904 1600 984 1648 atatis
999 1599 1095 1648 inertis:
1113 1603 1136 1646 et
1153 1598 1230 1648 airum

127 1668 164 1712 est
174 1663 295 1711 stimulare
306 1664 369 1710 curis
379 1663 435 1710 otta
451 1663 532 1712 anxie
546 1669 630 1724 gentes
647 1665 734 1713 dudum
752 1668 905 1727 torpescentes
918 1664 1017 1724 quomo
1038 1669 1152 1724 poteram
1171 1662 1229 1711 cavi

125 1742 156 1776 se
156 1727 244 1789 fruges
258 1727 352 1786 injussa
367 1731 494 1776 mouerent
505 1728 531 1775 in
543 1729 609 1787 agris
619 1730 729 1791 taorotis,
738 1743 793 1777 neue
802 1727 895 1777 ardores
902 1729 1070 1791 complerentur
1076 1728 1161 1784 melle;
1172 1740 1229 1775 neue

126 1792 205 1840 uinum
219 1793 349 1840 emodaret
360 1790 477 1856 fontibus,
495 1796 518 1840 et
534 1791 593 1856 ripa
605 1807 683 1842 omnes
702 1808 761 1842 cum
782 1793 956 1858 souofluer'ent
967 1793 998 1841 ad
1016 1806 1072 1841 aare
1089 1791 1229 1855 implenda.

126 1982 194 2046 Reg.
211 1983 314 2034 Thalos.
327 1985 378 2034 duo
395 1987 471 2036 Voss.
484 1985 534 2035 duo
545 1985 640 2035 Petav.
661 1987 726 2034 Erre.
743 1985 837 2035 Peter.
848 1992 932 2050 quart.
944 1993 971 2035 et
982 1984 1109 2035 Ald.-1a
1128 1987 1229 2049 Olympo

125 2053 160 2096 est
171 2049 240 2112 vulg.
266 2051 369 2115 'Olympo
378 2050 433 2099 sine
452 2057 487 2099 est
498 2051 573 2099 Voss.
582 2065 621 2113 pr.
630 2051 743 2098 chartac.
752 2049 844 2100 Heius.
858 2052 955 2100 Moret.
964 2064 1002 2112 pr.
1011 2050 1111 2098 Bonan.
1121 2051 1228 2100 Tlrolos.

124 2110 216 2164 Ambr.
229 2121 289 2163 tert.
308 2115 360 2163 duo
379 2115 440 2166 Juu.
455 2115 506 2164 duo
518 2114 604 2164 Oxou.
623 2113 683 2163 Ald.
696 2113 776 2164 etad.
789 2115 874 2163 Vicat.
899 2119 933 2164 est
950 2115 1006 2163 sotto
1015 2116 1110 2174 genitor
1120 2114 1154 2161 sic
1163 2130 1229 2163 orsus

124 2176 212 2226 od'otto
224 2179 288 2226 Erre.
301 2178 395 2228 Petav.
407 2184 557 2243 quart—19
576 2179 702 2228 Obduxere
714 2178 775 2227 Vet.
788 2185 850 2228 tert.
876 2179 1004 2228 Adduxere
1016 2185 1069 2226 tres
1083 2179 1156 2226 Vatt.
1172 2180 1230 2247 Flo·

124 2248 193 2290 rent.
215 2242 276 2290 Put.
294 2243 386 2291 Petav.
409 2258 460 2292 sec.
476 2245 577 2292 Bonan.
595 2244 697 2291 Tholas.
715 2244 789 2292 Voss.
809 2259 846 2306 pr.
865 2242 955 2292 Ambe.
974 2249 1034 2292 tert.
1058 2244 1119 2291 Exc.
1132 2244 1227 2292 Petav.

143 2313 208 2354 uart.
237 2305 364 2355 Adduxere
375 2307 437 2356 Vat.
451 2322 502 2356 sec.
516 2315 542 2355 et
556 2306 581 2355 d.
598 2308 710 2356 clrortuc.
722 2307 811 2356 Heius.
824 2307 884 2356 Ald.
912 2308 1041 2357 Adduxere
1051 2307 1091 2354 vel
1101 2306 1229 2356 Adduxere

149 2383 190 2432 eg.
209 2368 295 2418 Oxou.
313 2384 352 2432 pr.
372 2371 446 2420 Voss.
460 2385 510 2420 sec.
530 2371 652 2420 Heinsius
666 2372 825 2433 ascripserat
835 2372 989 2434 sequentia:
1007 2370 1161 2432 ιΑὸιίιωεενε]
1173 2372 1229 2420 haec

123 2448 186 2482 vera
197 2434 284 2483 lectio.
294 2434 310 2482 i.
324 2448 346 2483 e.
357 2440 492 2484 avocarunt.
513 2435 550 2484 sic
567 2435 678 2485 obducere
694 2436 807 2485 occurrit
820 2436 890 2484 Hist.
903 2434 972 2497 Aug.
984 2451 1009 2499 p.
1018 2439 1056 2485 24.
1071 2435 1102 2481 de
1113 2435 1228 2484 avocandi

123 2497 202 2546 verbo
214 2498 264 2546 vid.
276 2499 382 2546 Salmas.
395 2498 427 2548 ud
435 2500 506 2561 Hiar,
519 2498 588 2562 Aug.
598 2516 622 2563 p.
630 2504 670 2549 42.
678 2504 752 2548 et59.
764 2506 791 2548 et
800 2499 914 2549 Gronov.
927 2499 958 2547 ad
966 2499 1150 2548 Livium.’—20
1162 2499 1229 2548 Nom

140 2563 215 2610 tidem
234 2563 296 2610 Put.
321 2565 408 2612 dudum
425 2565 527 2613 Thalos.
547 2565 611 2613 Exc.
630 2565 724 2613 Peter.
735 2568 885 2627 quart—21
903 2564 1060 2625 cognoramus
1070 2565 1130 2612 Vat.
1141 2570 1229 2626 quart.

149 2627 248 2675 ale-22
265 2628 482 2689 languorepaterno
501 2629 593 2678 Petav.
610 2643 649 2691 pr.
670 2627 761 2676 Ambr.
773 2635 834 2676 tert.
857 2642 937 2689 sopore
958 2628 1015 2677 edd.
1034 2628 1118 2674 Vicet.
1138 2627 1226 2678 Parm.

124 2689 270 2739 Colla-28
287 2690 503 2744 &didtosdmbn
515 2700 576 2742 tert.
603 2692 778 2742 stimulosVat.
789 2692 870 2756 quint.
884 2692 999 2741 Floreat.
1015 2691 1066 2740 iac.
1080 2689 1172 2740 Heius.
1182 2691 1225 2741 ed.

122 2754 210 2804 Vicat.
234 2755 337 2805 stimulis
349 2755 399 2805 duo
411 2757 483 2807 Med.
501 2757 594 2808 Heius.
606 2757 641 2806 H.
654 2756 716 2806 Put.
728 2757 794 2819 Reg.
806 2756 900 2805 Peter.
910 2770 950 2819 pr.
961 2756 1062 2805 Tholas.
1078 2755 1174 2804 Morct.
1185 2770 1227 2819 pr.

121 2818 182 2868 Vut.
199 2817 283 2868 Lirin.
304 2819 356 2869 duo
373 2821 447 2870 Voss.
469 2822 535 2870 Erro.
561 2822 654 2871 Peter.
678 2828 764 2885 quart.
800 2822 933 2884 impendere
958 2820 1019 2871 Jun.
1047 2823 1165 2868 sec—24
1181 2835 1228 2869 neu

119 2887 201 2996 we
211 2884 313 2934 Bouon.
336 2891 492 2935 numeret
500 2887 574 2936 Voss.
586 2900 624 2947 pr.
644 2889 791 2946 gravesceret
802 2883 891 2933 Ambr.
907 2891 968 2934 tert.
989 2885 1156 2945 grandesceret
1167 2885 1227 2933 Put.

148 2953 216 2997 ctuv.
235 2962 274 3010 pr.
302 2950 452 3009 mudeumt
475 2950 539 3011 Reg.
566 2950 712 2996 omdsscmt
729 2948 795 2997 Erre.
813 2948 904 2996 Petav.
922 2956 1006 3012 quart.
1034 2955 1165 2996 comneno
1184 2947 1226 2996 vel

120 3017 270 3073 prouexerat
287 3013 328 3059 vel
347 3014 512 3072 grandemt
533 3012 595 3061 Vat.
617 3025 668 3060 sec.
688 3012 893 3061 vorasse—25
910 3013 1026 3061 nonsitoo
1043 3012 1118 3061 Voss.
1129 3027 1169 3074 pr.
1197 3027 1227 3061 ne

121 3075 183 3124 sttuo
199 3073 276 3136 scau,
302 3089 331 3123 ne
349 3082 460 3139 quatuor
489 3076 563 3126 Vatt.
593 3076 691 3124 Moret.
710 3089 750 3137 pr.
771 3076 864 3125 Petav.
888 3091 941 3125 sec.
966 3074 1056 3125 Ambr.
1081 3083 1141 3125 tert.
1162 3075 1228 3126 Cod.

120 3138 265 3190 Bartholiu.
290 3138 340 3188 duo
368 3140 430 3191 Jun.
457 3141 520 3190 Exc.
540 3141 633 3191 Petnv.
661 3146 748 3203 quart.
784 3155 814 3190 ne
832 3140 888 3192 aina
912 3141 1026 3190 Floreat.
1055 3141 1105 3190 iac.
1133 3139 1226 3189 Heius.

121 3205 187 3252 -26
211 3207 252 3252 out
272 3208 330 3252 tote
345 3204 407 3254 Vot.
427 3217 481 3254 sec.
493 3205 565 3254 Voss.
577 3218 630 3253 sec.
646 3203 752 3269 flumem
770 3204 832 3255 Jun.
850 3219 904 3256 sec.
928 3209 1024 3254 ruerent
1038 3205 1082 3254 rel
1094 3203 1226 3266 fremerent

538 3320 540 3325 ¹
616 3329 724 3381 NOTAE

153 3429 185 3477 18
203 3425 315 3491 Genitor]
332 3426 438 3490 Jupiter
449 3428 457 3454 ‘
467 3426 564 3476 Divum
576 3431 653 3490 pater
692 3426 817 3492 Virgilio:
835 3425 913 3478 ‘Nec
924 3433 1031 3492 torpere
1043 3428 1117 3492 gravi
1133 3442 1226 3492 passus

122 3508 199 3569 atque
209 3501 338 3552 homiuum
350 3501 415 3551 rex!
431 3502 565 3566 Virgilius.
691 3518 737 3553 sua
754 3519 834 3568 regua
845 3503 971 3567 veteru0,'
987 3507 1038 3554 dcc.
1072 3503 1139 3554 Nam
1150 3502 1226 3567 Jupi-

152 3578 210 3626 Alto
222 3577 332 3641 Olympo]
349 3579 390 3626 Ex
405 3578 497 3628 altiore
516 3579 575 3627 coeli
594 3593 652 3644 par·
692 3587 742 3644 ter,
757 3596 866 3645 perosus
887 3582 968 3631 vitant
979 3581 1051 3631 illam
1068 3581 1183 3647 quietam
1194 3589 1224 3631 et

75 3706 79 3713 ,
121 3653 230 3705 tez'Dii
241 3653 286 3703 alii
293 3652 442 3706 inferiorem
454 3657 540 3707 locum
550 3661 651 3710 tenent.
691 3656 820 3721 placidam
841 3657 930 3707 saeculi
947 3655 1072 3720 Sumenti,
1087 3657 1170 3706 voluit
1181 3657 1226 3705 ho·

150 3735 183 3780 20
199 3731 313 3780 warato
323 3731 385 3794 ata]
411 3731 526 3795 Pigritia
542 3732 651 3798 scillcet,
690 3733 773 3782 mines
800 3746 852 3782 uon
881 3732 991 3795 amplius
1019 3731 1115 3782 ducere
1144 3732 1224 3781 vitam

117 3807 199 3874 qualis
211 3814 268 3856 erat
280 3813 406 3870 regnante
415 3806 536 3856 Saturno.
690 3813 826 3871 expertem
846 3822 964 3858 curarum
984 3814 1012 3857 et
1033 3807 1159 3870 ruoeroris,
1177 3807 1225 3858 scd

151 3884 182 3933 21
200 3880 309 3947 Senium]
341 3881 479 3945 pigritiam
498 3888 525 3930 et
542 3883 649 3932 tardita·
690 3883 803 3949 parando
825 3882 906 3933 victui
925 3884 1074 3934 multocum
1086 3883 1174 3933 labore
1185 3883 1224 3933 ia·

118 3963 182 4017 tem,
192 3957 274 4020 qualis
285 3963 326 4006 cst
337 3956 362 4005 in
374 3957 488 4006 senibus.
689 3959 806 4023 vigilare.

151 4035 184 4082 22
203 4032 424 4102 Torporepaterno]
440 4035 555 4100 'l'orpore
570 4041 598 4085 et
614 4036 651 4085 in'·
722 4039 755 4084 26
771 4031 921 4096 marono]
946 4033 1021 4097 Ripa
1033 4038 1222 4097 paterentura·

119 4106 198 4170 ertia,
218 4122 294 4172 quam
317 4111 561 4175 patlebutorpeter
578 4126 651 4162 meus
691 4123 754 4175 quus
762 4107 913 4172 dementes,
924 4110 1130 4159 seacumsooitu
1142 4108 1225 4161 fluen-

119 4181 252 4235 munus.
283 4183 368 4236 Locus
392 4183 435 4236 hic
463 4186 595 4239 desumtus
618 4193 652 4239 ex
692 4191 732 4237 tes
742 4183 777 4237 sd
788 4199 851 4237 vasu
860 4186 1008 4237 accolarum
1017 4184 1157 4253 implenda.
