2700 4702
502 297 702 349 EPiSTOLE.

62 444 180 509 Cedere
194 440 326 509 divitiis
341 444 443 509 enimi
458 443 589 508 fortuna
604 443 735 520 fatetur,

98 547 142 608 Et
155 551 267 609 tantus
282 545 352 608 oris
366 544 466 627 copie
480 544 586 609 vincit
598 563 691 627 opes.

60 645 111 708 An
123 665 231 722 rarus,
248 645 307 727 qui
321 645 448 726 scriptu
463 644 570 707 serati
595 644 674 727 quin
689 651 836 726 tempore
851 643 942 710 nullo

100 747 243 810 Cessant
257 744 434 809 Flaminiae
450 744 683 826 pulverulenta
698 747 775 809 viae.

60 844 143 911 Cum
155 848 240 911 fluat
252 847 428 927 ingenium,
445 864 521 908 cum
535 845 578 908 sit
592 846 651 927 qui
665 845 756 909 dicta
770 852 936 929 reportet3

100 948 202 1026 Quae,
218 949 284 1011 nisi
297 953 500 1022 contemnor,
516 966 621 1011 cause
634 947 754 1011 relicta
768 949 854 1012 tibii
1115 946 1159 1012 10

60 1050 217 1133 Despicis
232 1069 309 1130 ergo
325 1055 430 1125 tuum,
446 1048 541 1111 sifus
557 1048 765 1124 ostermere,
781 1054 912 1129 vatem3

100 1149 257 1215 Perfidus
270 1155 303 1214 et
318 1151 430 1232 spatio
446 1150 639 1213 debilitatur
653 1151 770 1213 amori

58 1251 296 1316 Excidimusne
310 1253 393 1315 tibii
415 1252 525 1315 iucem
535 1251 606 1335 jam
623 1251 742 1314 condet
758 1250 955 1334 Hydaspes,

99 1353 146 1416 Et
159 1353 383 1429 Tartessiaco,
399 1353 469 1431 Sol,
484 1355 590 1417 oriere
605 1353 714 1418 vado:

59 1454 245 1519 Candescet
259 1455 386 1518 Geticis
401 1455 518 1518 Meroe
535 1474 700 1520 conversa
713 1453 853 1537 pruinis
1117 1451 1161 1517 15

101 1555 269 1637 Claraque
283 1575 320 1617 se
335 1556 439 1618 vetito
454 1556 590 1637 proluet
605 1554 696 1618 Ursa
708 1556 814 1618 mori:

58 1671 198 1736 eonfiteretur
207 1670 313 1732 seperari
324 1685 351 1718 se
363 1685 378 1718 a
388 1669 455 1718 bcrrie
465 1671 557 1732 ingenii
574 1672 622 1733 tui,
641 1676 664 1719 et
676 1672 806 1734 eloquentie
824 1673 873 1718 orie
887 1670 924 1718 tui
941 1669 1016 1730 major
1026 1674 1061 1717 eet
1071 1668 1164 1717 dieitiie

58 1737 140 1785 tontis.
158 1735 199 1783 Are
209 1735 261 1782 ruri
272 1742 333 1782 sunt
344 1735 431 1794 rentii,
447 1737 487 1798 qui
498 1733 601 1797 efferent
610 1736 671 1783 rniiri
682 1737 763 1783 titeror
775 1736 849 1783 tuae?
873 1735 947 1781 bomo
957 1749 1019 1792 rere,
1031 1735 1094 1781 odie
1105 1733 1169 1780 bore

58 1800 135 1861 pulvis
146 1799 191 1846 oioe
202 1799 332 1846 Flaminia
341 1801 446 1847 sedetur.
463 1800 531 1858 Ergo
542 1815 594 1847 erem
604 1814 669 1847 meree
679 1799 727 1848 tibi
738 1799 771 1845 eit
782 1799 884 1860 copioso,
901 1814 953 1845 cum
965 1799 1013 1844 siet
1027 1797 1108 1844 nerntii
1120 1798 1161 1858 qui

59 1863 165 1922 reseraret
174 1863 292 1923 epistolae,
303 1877 354 1922 qrroe
365 1877 434 1910 ceute
443 1877 522 1910 morse
534 1862 581 1910 tibi
592 1868 677 1922 restet,
688 1862 735 1911 niet
746 1861 814 1910 forte
824 1858 957 1924 despicior?
981 1862 1062 1920 igiter
1072 1862 1163 1923 spernis

59 1926 161 1975 Po'e'tem
171 1930 247 1984 reum,
258 1927 280 1974 ee*
291 1925 346 1974 lieet
357 1926 383 1974 id
394 1926 516 1987 cogitem
540 1932 564 1974 et
574 1928 681 1975 amicitie
693 1933 737 1975 tue
746 1926 821 1991 infide
837 1928 951 1974 minuitur
968 1924 1084 1972 distortio
1095 1926 1165 1971 ioco·

61 1991 136 2038 rum?
160 1989 203 2039 Are
211 1990 297 2038 obiitne
305 2005 330 2037 ee
339 1991 402 2038 noe?
426 1991 483 2037 Jerrr
495 1990 622 2054 Hydurpee
631 1991 730 2053 recipiet
741 1990 818 2039 Solem
829 1991 979 2045 cocionum,
997 1995 1021 2037 et
1033 1997 1070 2048 tu,
1087 2003 1102 2036 ο
1114 1989 1165 2044 Set,

59 2068 171 2116 exsurges
182 2069 216 2102 ex
227 2054 348 2102 littoribus
361 2055 534 2103 Tartessioer’e:
550 2055 635 2103 Mero‘e'
645 2059 736 2104 metato
744 2055 842 2102 otbeeeet
849 2057 904 2114 gete
917 2053 1011 2112 Getico,
1020 2058 1042 2100 et
1057 2053 1118 2099 Urso
1129 2066 1165 2099 re·
1267 2077 1272 2086 ·

523 2163 551 2182 ΙΙ
554 2164 686 2184 uonna
689 2165 700 2184 Ι

61 2226 132 2279 seret
142 2227 238 2277 Aeson.
249 2229 340 2292 Epigr.
351 2234 391 2278 86.
409 2229 550 2340 ‘Capanea
560 2227 677 2276 mitt-5
697 2229 798 2277 Credere
808 2229 881 2276 Rott.
895 2229 1010 2276 Florent.
1027 2224 1089 2274 Put.
1104 2225 1165 2274 Ver.

62 2295 114 2343 LL.
126 2293 169 2343 ed.
180 2292 258 2340 Ante.
273 2299 376 2342 meter
384 2294 456 2341 Busti
477 2297 533 2341 .-6
551 2292 635 2352 jungit
646 2305 700 2354 oper
711 2293 769 2340 Vnt.
781 2306 833 2340 eec.
844 2307 879 2341 m.
891 2296 979 2354 pr.-⁷
1001 2296 1092 2353 seeptro
1104 2289 1165 2340 edd.

60 2356 311 2419 Junt.A1d.1singr.
324 2357 406 2404 Colin.
418 2357 519 2418 Gryph.
532 2356 604 2405 etei.
626 2357 717 2419 scripto
728 2358 843 2405 Floreat.
856 2362 910 2405 tres
923 2354 995 2405 Med.
1008 2356 1058 2403 inc.
1072 2355 1163 2405 Heius.

62 2421 125 2470 Put.
137 2421 188 2468 duo
200 2420 294 2468 Peter.
305 2426 358 2468 vet.
368 2420 433 2482 Gyr.
445 2421 507 2468 Vct.
518 2419 603 2468 Lirin.
622 2420 687 2468 Exe.
701 2420 811 2468 Lucens-
832 2435 870 2482 pr.
890 2421 932 2470 ed.
952 2420 1039 2468 Perm.
1057 2419 1098 2481 qui
1118 2432 1165 2480 pro

62 2487 119 2546 qrriee
130 2484 189 2533 Pei.
201 2482 351 2532 Bouto-o
379 2484 489 2546 Confluat
505 2497 552 2544 pro
563 2483 691 2545 Cermfirrot
700 2483 800 2532 Busiid.
816 2484 940 2545 imperium
951 2483 1068 2531 Florent.
1080 2498 1113 2529 ru.
1124 2497 1163 2544 pr.

62 2553 169 2609 reportet
179 2548 241 2596 Vet.
254 2562 307 2596 sec.
329 2551 434 2608 retorpet
445 2546 629 2595 Floreat-lb
653 2552 815 2596 contemnerer·
835 2563 881 2610 pro
900 2546 947 2594 nier‘
958 2553 1091 2595 contemnor
1101 2547 1163 2594 Vet.

64 2626 119 2661 sec.
135 2611 181 2659 tibi
190 2613 257 2660 Exc.
269 2612 381 2659 Luceres.
393 2625 433 2672 pr.
457 2609 517 2658 mibi
528 2608 620 2658 Ambr.
632 2624 671 2671 pr.
683 2625 716 2660 m.
728 2614 833 2673 pr.-ll
861 2610 969 2672 Diepieie
979 2612 1044 2659 Exc.
1056 2611 1167 2658 Luceue.

62 2689 105 2737 pr·
123 2673 168 2734 sce
178 2681 214 2723 ert
225 2675 302 2723 dicere
313 2674 407 2722 Petav.
419 2677 526 2735 pr.—12
550 2673 666 2721 Fercr'due
684 2688 732 2736 pro
749 2673 860 2737 Perfidus
871 2674 1029 2734 conjiciebat
1041 2673 1168 2720 Heius.-

65 2742 95 2786 13
115 2738 284 2786 Επὶάὺηωεε
295 2738 356 2787 Put.
368 2738 449 2786 coedit
458 2738 520 2785 Vat.
533 2743 595 2785 tert.
607 2737 681 2784 Rott.
694 2737 808 2785 Floreut.
821 2737 894 2784 Med.
905 2750 957 2784 sec.
968 2736 1068 2784 Busiid.
1084 2739 1169 2784 condet

63 2801 124 2849 Pei.
135 2804 219 2850 condet
231 2801 282 2850 duo
294 2800 368 2850 Med.
380 2803 431 2850 inc.
448 2801 542 2849 Heinr-
562 2800 624 2847 Put.
644 2800 694 2847 duo
711 2801 803 2847 Peter.
824 2796 914 2846 Ambe.
933 2813 972 2860 pr.
991 2800 1089 2847 Boron.
1102 2800 1169 2849 Cod.

64 2864 158 2928 Epigr.
169 2864 261 2914 Ambe.
280 2866 377 2914 Moret.
390 2880 431 2927 pr.
442 2865 529 2914 Oxon.
541 2878 593 2912 sec.
603 2864 666 2911 Vct.
686 2863 770 2911 Lirin.
783 2863 848 2911 Exc.
861 2864 970 2910 Lucens.
989 2877 1027 2924 pr.
1039 2862 1101 2909 Ver.
1115 2863 1168 2911 LL.

65 2931 338 3041 {rmufflpagmffltu
365 2929 644 3040 gpppcepeioecvlpit.dpr.
672 2927 826 3039 Cegrbepipp
844 2925 995 3039 ι1ιέοι1111ιηίὁ
1016 2925 1169 3037 t{irreqbreeioco

90 3007 129 3042 er.
206 3007 248 3040 e.
316 3008 339 3041 r.
454 3007 529 3041 eeroeo
571 3005 585 3039 e
606 3005 678 3040 .sec.
724 3006 764 3039 ore
792 3005 931 3038 coenare
953 3024 960 3038 .
998 3005 1014 3037 ιι
1037 3023 1043 3036 .
1102 3004 1171 3037 oeen-

65 3056 129 3105 eioeo
138 3057 182 3104 vei
194 3056 331 3104 Cotbeeioco
350 3057 424 3105 Rott.
444 3056 522 3104 oriere
536 3063 589 3104 tres
601 3057 674 3104 Vett.
685 3056 759 3104 Rctt.
771 3055 853 3104 Oisei.
877 3055 953 3102 oriere
972 3055 1024 3102 duo
1035 3053 1108 3101 Med.
1120 3054 1171 3104 inc.

66 3119 162 3169 Heius.
175 3120 275 3168 Bonon.
287 3119 376 3169 Ambe.
392 3134 431 3181 pr.
450 3119 537 3169 Oxou.
555 3133 608 3169 sec.
618 3120 680 3168 Vut.
698 3120 781 3168 Lirin.
806 3119 854 3166 loeo
873 3119 946 3167 Med.
958 3123 1045 3181 qrrart.
1069 3118 1117 3166 loco
1128 3117 1171 3167 vel

66 3185 126 3232 eudo
136 3183 212 3232 Med.
230 3189 346 3232 ree—lb
374 3184 500 3231 Condeecit
515 3184 577 3231 Vat.
597 3197 649 3231 sec.
676 3184 803 3230 Condeeeet
821 3183 938 3230 Florent.
956 3189 1009 3229 tres
1027 3181 1100 3230 Med.
1120 3181 1171 3231 inc.

67 3246 161 3295 Heius.
174 3248 235 3295 Put.
246 3247 295 3294 duo
306 3248 402 3296 Peter.
419 3248 521 3295 Bonon.
540 3248 591 3294 duo
610 3245 700 3296 Ambe.
720 3246 818 3294 Bustid.
831 3247 926 3294 Moret.
944 3261 983 3308 pr.
1002 3245 1066 3293 Cod.
1080 3246 1172 3308 Epigr.

67 3309 161 3365 Arubr.
172 3311 234 3359 Vct.
246 3311 330 3359 Lirin.
342 3310 429 3360 Oxou.
442 3325 493 3359 sec.
505 3312 568 3361 Exc.
580 3312 691 3359 Luceres.
704 3325 743 3372 pr.
754 3311 816 3357 Vur.
828 3310 880 3359 LL
898 3325 912 3357 e
924 3325 1003 3372 marg.
1015 3311 1103 3358 Parm.
1122 3309 1172 3357 Ge·

68 3374 130 3423 tiene
143 3375 285 3437 ...pruinae
295 3374 395 3424 Buslid.
420 3389 529 3422 concerno
542 3375 627 3423 Oxou.
639 3378 758 3423 sec—lb
779 3373 872 3436 proluet
884 3372 999 3422 Florent.
1012 3380 1039 3421 et
1050 3381 1172 3437 quatuor·

102 3521 119 3565 8
135 3519 305 3571 Puioeruterrte
315 3519 372 3581 oie]
388 3519 421 3567 Id
433 3523 482 3580 est,
492 3519 535 3567 rie
546 3455 752 3580 prffthffiieute
769 3532 852 3581 prope
865 3518 1018 3581 Hydaspen,
1035 3523 1064 3565 et
1075 3517 1173 3566 orietur

70 3593 215 3653 rorulenta,
224 3596 266 3641 ria
277 3594 404 3642 Flaminia
418 3594 526 3655 scilicet,
543 3608 601 3656 quoe
641 3594 668 3642 in
687 3593 833 3642 Occidente
852 3607 933 3657 prope
951 3595 1106 3642 Tartessum.
1139 3589 1183 3639 Id‘

69 3683 87 3719 e
98 3668 225 3717 Flaminio
237 3675 318 3717 strete
328 3667 422 3730 fueret,
436 3683 538 3730 semper
549 3675 602 3716 tur·
642 3668 711 3732 quod
723 3676 763 3717 est
774 3675 871 3730 praeter
882 3682 967 3716 rerum
980 3676 1106 3716 naturam.

69 3743 149 3792 betur
160 3743 317 3806 puivere,eb
327 3744 447 3792 euntibus
457 3751 485 3793 et
496 3743 603 3792 redeun·
676 3748 706 3792 14
726 3743 884 3807 Tartessiaco]
915 3745 1050 3791 Tartessus
1070 3745 1110 3789 est
1128 3754 1173 3804 op·

70 3818 140 3868 tibus
152 3821 277 3869 excitato.
643 3819 731 3883 pidum
744 3819 877 3882 Hispaniae
891 3819 997 3867 Baeticae
1010 3829 1091 3878 prope
1104 3814 1174 3865 Oce·

104 3899 137 3944 13
154 3893 293 3958 Hydaspes]
311 3893 604 3943 Fluviusludiaevereus
644 3909 720 3943 enum
739 3895 946 3943 Occidentaiem.
991 3889 1056 3939 Inde
1077 3887 1174 3939 dicitnr

73 3969 221 4019 Orientem:
241 3969 313 4033 queri
324 3970 412 4028 dicet3
429 3984 480 4019 non
491 3969 547 4019 fieri
560 3984 605 4033 po·
643 3973 826 4021 Tartessiacos.

74 4051 128 4095 teet
139 4050 170 4094 nt
181 4059 223 4094 me
235 4046 331 4111 oblitus
342 4044 386 4106 eis,
405 4045 452 4092 nisi
465 4043 535 4093 forte
546 4058 604 4108 pce·
676 4053 707 4097 15
727 4047 820 4095 Geticis
828 4044 932 4108 ponte]
955 4042 1105 4106 Frigoribus
1122 4041 1176 4092 Ge·

74 4123 196 4175 eumdete
210 4135 298 4172 rerum
306 4128 401 4172 nature
410 4121 455 4171 Sol
465 4120 604 4173 occidetiu
643 4122 703 4172 ticre
713 4121 825 4184 regionis
833 4133 923 4168 versus
934 4119 1161 4184 Septemtrionem.
