2700 4702
527 316 815 375 ΕΡΙΟΒΔΜΙΙΔῬᾺ.
874 314 877 321 ’

151 465 351 547 Ψενδομένων
365 465 388 524 δ’
401 468 523 544 ἐρύθημα
538 470 717 548 καθὲγραρεν
729 468 832 546 ἆχροοε
846 465 938 537 αἰθὸς,

152 563 285 646 Ἀγλαΐῃ
300 564 431 650 ortunae
445 564 510 647 νόθρ
524 568 722 640 κεκαλυμμένα
735 569 824 641 μῆλα.

433 708 730 759 INTERPRETATIO
747 706 909 759 eomes

344 808 449 861 Decolor
464 809 558 874 effluxit
568 808 660 866 sotrum
674 810 751 872 pudor
766 822 807 856 ore
822 805 940 871 ηθοωι,

344 875 433 923 Pinxit
448 879 475 923 st
491 874 566 923 accito
581 875 661 923 causa
675 874 796 936 miramon
812 871 932 941 met.

455 1005 754 1060 INTERPRETA'I'IO
772 1000 892 1054 PROSA

119 1099 183 1148 oculi
198 1113 282 1163 vapor
296 1106 418 1151 nentur:
446 1101 537 1152 Pudor
547 1101 653 1152 decolor
664 1101 780 1152 detineat
799 1099 917 1152 ruborem
933 1094 1072 1147 mentitum
1087 1099 1224 1161 postqum

120 1165 252 1214 coronavit
269 1166 408 1230 splendore
424 1165 491 1216 falso
505 1166 606 1217 fucatas
621 1181 707 1230 genas.

119 1355 166 1416 tn;
183 1355 231 1405 sed
242 1363 341 1418 tamen,
358 1371 416 1408 eum
434 1360 490 1408 cari
502 1365 530 1409 et
541 1359 651 1410 liventes
692 1359 779 1408 colore
797 1356 947 1417 destitutus,
968 1354 1078 1420 ideoque
1089 1351 1168 1403 falsus
1179 1350 1224 1403 iiie

121 1430 169 1480 sint
180 1431 261 1493 oculi,
277 1438 308 1481 ut
319 1432 346 1481 in
364 1434 468 1484 senibus
483 1449 538 1484 esse
556 1436 651 1497 solent,
692 1435 786 1499 pudor,
803 1441 831 1483 et
842 1439 872 1483 ut
889 1432 926 1483 ut
946 1430 1083 1490 Homerus,
1101 1426 1169 1479 citor
1183 1428 1227 1479 oia

120 1508 178 1557 satis
191 1514 305 1571 apparet
315 1509 392 1557 hosce
406 1510 540 1559 ceniarum
552 1510 651 1574 conjec·
692 1509 778 1571 ἄγαθὴ,
787 1513 862 1572 pudor
870 1510 913 1557 iiie
924 1524 970 1557 uon
981 1508 1066 1565 ionum
1083 1521 1127 1556 seu
1140 1505 1227 1570 potius

121 1591 157 1632 tus
180 1598 237 1631 esse
261 1584 345 1632 radios
365 1599 453 1647 vanos,
479 1593 508 1634 et
528 1599 651 1648 vaporem
692 1586 738 1635 ilis
749 1585 854 1649 pudoris
873 1583 988 1633 affectati
1009 1584 1100 1633 umbra
1110 1583 1228 1632 delineat

120 1659 247 1724 quendam
259 1661 419 1722 emittentes,
440 1661 484 1725 qui
502 1661 589 1711 odium
608 1674 651 1723 po·
692 1662 718 1712 in
731 1663 824 1712 vetula
841 1663 924 1721 vultu,
941 1662 1014 1708 velut
1026 1660 1051 1708 in
1070 1659 1168 1722 tabula,
1178 1658 1227 1708 iai·

121 1736 168 1783 tius
181 1749 261 1798 quam
270 1749 384 1784 amorem
394 1736 534 1785 conciliare
544 1736 651 1800 possint.
692 1754 748 1788 sum
767 1738 894 1799 ruborem,
911 1737 1077 1800 ostenditque
1098 1751 1156 1797 non
1166 1751 1226 1791 eum

121 1811 164 1859 Vir
190 1810 297 1874 quidam
319 1810 482 1861 doctissimus
509 1811 574 1875 legit
601 1825 652 1860 non
692 1829 749 1863 esse
760 1811 911 1873 naturalem,
927 1826 1001 1876 quern
1020 1819 1093 1861 certe
1104 1825 1155 1860 uon
1166 1825 1227 1874 pos·

121 1887 184 1950 αὔρη,
197 1885 245 1934 sed
257 1884 329 1948 αιήὴ,
340 1885 366 1935 id
378 1894 428 1950 est,
437 1888 500 1938 acies
509 1889 635 1937 oratorem.
693 1889 766 1940 sibile
777 1895 817 1939 est
837 1895 883 1938 aut
902 1902 1037 1938 accersere
1055 1892 1101 1936 aut
1119 1886 1226 1938 imitari.

148 1959 342 2026 svcvooobrsu]
371 1964 450 2014 Certe
473 1963 651 2029 reponendum
693 1967 731 2016 Ut
743 1962 1224 2026 euimaitSeneca,‘Artificesscenici

121 2044 157 2087 ert
165 2036 316 2100 ψευδόμενον.
691 2044 773 2092 muita
781 2047 980 2107 repraesentant,
987 2040 1033 2107 sed
1043 2040 1164 2090 ruborem
1174 2039 1225 2089 sibi

125 2169 128 2173 ,
147 2111 337 2177 Ἀχρωςαέδὸς]
349 2115 397 2165 Est
407 2113 496 2164 nescio
506 2112 564 2181 quis
576 2112 653 2164 iuiila
692 2119 839 2182 exprimere
848 2132 898 2167 non
908 2109 1029 2181 possunt:
1048 2130 1096 2166 nec
1108 2114 1227 2183 prohibe·

120 2191 196 2240 nima
207 2206 270 2240 sene
278 2191 377 2255 puden
389 2191 434 2241 sed
446 2190 542 2255 ἄχρως,
552 2193 652 2255 doceor,
693 2200 736 2245 tur
747 2195 801 2260 hic,
817 2208 866 2244 nec
876 2189 1033 2243 adducitur.’

120 2282 163 2317 seu
173 2266 255 2318 falsus
266 2275 294 2319 et
305 2265 454 2331 affectatus,
468 2274 497 2320 et
509 2268 596 2319 nativo
607 2283 653 2320 suo

592 2550 761 2628 vall.

205 2784 262 2850 17.
304 2782 367 2845 ΕΡΣ
386 2782 554 2847 Aornos
572 2782 849 2846 ἹΎΠΓΗΘΕΝΤΑ
867 2781 962 2845 IIAP'
981 2781 1129 2846 ΑΥἸῸΥ.

151 2926 263 3006 ’Ἔδρην
273 2927 475 3009 χαλκεόπεέαν
489 2927 534 2984 ἐπὶ
548 2930 690 3003 προθύροις
704 2929 835 2987 ἑλικῶνοε

158 3025 290 3098 ‘Baniures
304 3026 432 3102 θεράπων
446 3049 485 3084 res
500 3024 570 3102 ὺπέρ
585 3031 682 3085 unroco
692 3029 851 3104 μεμαρπὼς,

303 3200 348 3260 ΙΝ
370 3202 534 3263 SERVUM
558 3204 842 3267 VERBERATUM
865 3205 919 3266 AB
939 3202 1039 3263 tuso.

438 3343 734 3397 INTERPRETATIO
753 3345 911 3397 POETICA

349 3433 445 3482 AEratis
459 3436 541 3484 seuam
556 3435 654 3499 pedibas
668 3451 712 3499 pro
726 3441 796 3499 porto
813 3435 937 3487 netem

350 3498 489 3562 impositum
503 3514 585 3549 seruus
599 3502 668 3550 dorm
678 3501 812 3558 somniante
827 3502 927 3562 locant,

458 3620 757 3673 lNTERPRETATIO
777 3620 893 3672 PaosA

153 3708 251 3794 Setiam
270 3709 411 3774 aeripedem
428 3709 456 3760 in
475 3712 604 3762 vestibulo
624 3710 759 3763 Heliconis
770 3717 898 3762 statueret
913 3709 1025 3761 samnius
1042 3705 1156 3778 quidam,
1172 3719 1231 3759 cunt

621 3858 731 3910 NOTAE

154 3951 210 4001 Per
232 3967 274 4000 me
298 3953 398 4017 iicebit,
424 3954 473 4003 hoc
499 3956 658 4019 epigramma
698 3958 789 4008 deret:
807 3957 874 4006 male
893 3957 1067 4010 recusantem,
1086 3951 1154 4001 male
1169 3949 1233 4001 mni·

121 4029 278 4092 simpliciter
289 4032 411 4094 accipias,
430 4032 479 4079 hoe
491 4032 583 4083 modo:
600 4034 658 4084 Ser·
698 4036 760 4085 tavi.
793 4031 943 4083 Necessitas
955 4035 983 4079 et
993 4028 1056 4078 iram
1066 4033 1095 4078 et
1107 4028 1174 4078 vires
1185 4027 1232 4078 mi·

120 4118 185 4153 vum
201 4106 299 4167 reperi,
310 4107 354 4169 qui
371 4108 461 4155 setium
474 4115 605 4172 gestaret:
624 4111 658 4159 ab
698 4109 829 4159 nistravit.

120 4193 154 4230 so
166 4180 306 4243 petitam
315 4189 345 4233 ut
354 4183 417 4232 mihi
428 4181 539 4249 fatigato
547 4199 659 4237 commo·
731 4187 764 4238 In
782 4186 823 4234 his
838 4183 1043 4249 interpretandis
1062 4181 1179 4239 consului
1196 4179 1233 4232 ri·
