2700 4702
207 276 294 361 uso
400 297 404 301 ·
571 295 630 344 or..
653 293 865 345 ouaunrsur
888 294 940 344 cr.

248 439 272 504 J
274 458 329 504 am
343 457 442 522 grave
456 427 534 522 pius
546 438 658 515 etiam,
672 457 773 521 quam
786 437 907 501 ventris
922 443 1071 519 tempora
1082 435 1216 513 vellent,

206 538 401 606 Alcmenam
417 539 573 603 tendebat
585 557 667 603 onus
682 560 690 600 r
713 537 772 602 sed
786 540 877 619 regie
891 536 915 601 J
917 557 983 600 uno

206 639 364 724 Impedit,
378 646 411 703 et
424 645 538 722 partus
552 640 715 722 prohibet,
729 640 885 720 nascique
904 639 1046 715 vetabat,

207 741 256 806 Ut
267 747 373 805 metus
388 742 463 823 ipse
483 741 587 804 Deum
602 745 780 804 monstret:
804 758 867 802 nec
881 737 996 803 vivida
1011 738 1093 802 coeli

207 842 341 906 Semina
355 844 509 905 mortales
524 849 642 906 norunt
657 841 776 906 sentire
791 842 946 916 latebras,
1261 837 1303 904 25

209 942 242 1007 N
244 962 283 1007 ec
298 947 438 1025 possunt
452 941 588 1006 sufferre
601 961 725 1006 morae.
770 941 879 1005 Datur
893 941 968 1004 inde
981 960 1133 1006 novercae

117 1057 121 1065 ·
206 1043 387 1122 Materies3
410 1045 630 1125 gravibusque
645 1042 732 1106 odiis
747 1047 922 1123 augmenta
935 1042 1114 1119 ministrat,

207 1145 309 1224 Quod
325 1146 412 1208 vinci
426 1145 572 1227 coepisse
587 1143 702 1227 pudet.
748 1142 835 1207 Mox
849 1144 1002 1226 improba
1015 1143 1113 1206 binos

206 1247 247 1311 ln
261 1254 321 1310 tua
334 1246 482 1310 membra
493 1244 600 1328 jubet,
615 1243 691 1307 dum
707 1245 866 1319 nasceris,
881 1245 927 1306 ire
942 1244 1117 1308 dracones.

208 1347 404 1411 lnoumbunt
418 1346 540 1409 celeres
553 1345 615 1422 illi,
630 1363 877 1427 squamosaque
888 1344 1004 1426 jussus
1264 1341 1305 1427 {ill

207 1447 323 1511 Armat
337 1447 424 1510 colla
437 1445 546 1509 furor:
569 1463 644 1522 nec,
659 1444 815 1527 quamtis
831 1444 978 1507 maxima
992 1445 1112 1519 tractu,

207 1546 391 1610 Tardantur
406 1545 529 1628 spiris:
560 1544 707 1628 sequitur
721 1563 799 1628 pars
815 1549 923 1608 cetera
936 1548 1064 1628 pectus.

207 1647 328 1711 Tristis
342 1647 503 1711 Tartarea
516 1646 665 1712 vibratur
680 1645 797 1732 sibilus
812 1664 904 1710 cura.

206 1826 295 1862 rmeum
305 1811 377 1861 velut
388 1813 497 1861 teotardo
506 1811 548 1861 sub
560 1811 641 1860 arbore
652 1811 778 1862 Herculeo.
809 1811 867 1861 ‹lcm
875 1811 967 1874 mades
975 1825 1050 1872 grace
1059 1809 1209 1861 distendebat
1219 1809 1308 1859 Alcme-

207 1886 261 1924 rmm
270 1878 323 1938 plus
332 1876 403 1924 etium
414 1891 482 1938 quum
493 1881 598 1938 tempora
612 1880 697 1938 partus
706 1875 817 1925 munem.
834 1878 867 1924 Ar
879 1877 942 1923 June
952 1876 1036 1937 regina
1046 1875 1133 1933 duct,
1144 1881 1168 1924 et
1178 1872 1307 1923 remorrisr

204 1945 343 2002 portamur
349 1940 487 2002 prohibebat
497 1941 562 1988 nasci
570 1939 722 1999 Herculem,
734 1944 760 1987 ut
770 1939 843 1987 timor
853 1939 903 2001 ipse
915 1939 983 1987 illius
994 1941 1101 1988 mtendrt
1113 1939 1204 1988 Deum.
1232 1939 1308 1999 Nque

206 2004 295 2052 semiim
305 2004 411 2064 rigentia
420 2005 526 2052 Deorum
535 2008 629 2066 possunt
637 2001 743 2065 perferre
749 2005 872 2064 onustius
880 2005 996 2064 inertum,
1006 2017 1078 2065 ireque
1086 2005 1164 2052 calent
1173 2001 1229 2066 pcii
1239 2005 1308 2050 rew-

206 2067 339 2116 dntionem:
355 2066 409 2116 ltine
420 2082 489 2116 ccum
500 2068 545 2115 lrae
555 2067 672 2128 proebetur
682 2080 788 2116 moerere
800 2067 907 2125 iunoni,
918 2072 941 2114 et
951 2068 1086 2129 suppeditat
1096 2067 1242 2116 incrementa
1252 2063 1308 2112 oct·

205 2133 302 2193 asperis,
312 2133 373 2194 quod
384 2131 503 2180 erubescat
512 2129 626 2193 incepisse
635 2128 750 2193 superari.
783 2129 875 2178 Statim
894 2131 937 2178 ille
947 2130 1016 2180 Juno
1027 2132 1134 2192 maligne
1149 2131 1253 2193 inperat
1262 2141 1308 2176 ser·

203 2200 286 2258 pentes
296 2197 353 2243 duos
360 2195 469 2244 inuadere
480 2195 505 2244 ia
517 2200 740 2257 tuumccrpumum
751 2194 862 2243 curreris.
896 2193 941 2242 Illi
948 2200 1084 2258 serpentes
1093 2196 1182 2244 celoces
1189 2192 1306 2253 natur,

207 2263 229 2306 et
252 2259 289 2306 irc
311 2258 427 2321 imperata
445 2264 539 2320 asperat
556 2260 616 2307 collo
635 2272 722 2306 eorum
740 2271 875 2320 squamea:-
891 2257 978 2307 cilicet
990 2259 1060 2318 lorge
1078 2259 1306 2322 sint-reptatam

207 2329 294 2371 tamen
305 2325 458 2371 retardantur
466 2336 543 2385 gyro:
557 2337 614 2385 pars
630 2321 721 2385 reliquo
733 2321 850 2386 corporis
867 2323 1070 2386 sequiturpecius.
1103 2320 1305 2380 &uersuum

687 2475 866 2499 autumn

205 2588 353 2638 bivira-16
372 2589 484 2652 Cyrrlroee
495 2589 643 2641 Lirim-22
659 2591 795 2641 diametrum
804 2589 889 2641 Lirin.
899 2588 958 2640 Ald.
970 2591 1083 2639 Alcmena
1099 2589 1193 2652 Islngr.
1207 2589 1301 2653 Gryplr.

206 2656 271 2702 —82
298 2653 426 2703 Turdetum
445 2669 493 2718 pro
507 2655 642 2707 Turiretur
661 2656 820 2723 Lirim-48¹
837 2655 905 2711 Quod
923 2656 990 2706 ccvii
1008 2655 1103 2716 lsingr.
1122 2654 1224 2717 Gryplr.
1248 2653 1302 2703 solis

702 2805 810 2858 NOTAE
871 2850 873 2856 .

206 2937 246 2986 lus
258 2939 298 2985 est
311 2950 385 2986 secra
397 2937 514 2987 Herculi.
773 2939 840 3002 plius
859 2939 914 3002 pati
938 2939 1070 3002 angustias
1091 2937 1158 2988 uteri
1179 2938 1301 2996 mortalis,

205 3021 209 3027 ·
236 3015 267 3061 ῆι
282 3007 359 3068 Quum
367 3008 578 3076 mriristemporc]
594 3013 734 3078 Plusquum
772 3027 821 3062 nec
847 3027 944 3063 morsm
973 3027 1048 3078 quem
1069 3013 1139 3063 Juno
1166 3013 1300 3063 nectebat:

205 3096 297 3157 norem
310 3100 424 3136 menses:
443 3101 501 3135 nem
513 3103 570 3149 cum
581 3088 650 3139 esset
659 3090 685 3138 in
695 3087 733 3138 fa·
773 3089 887 3150 erumpit
908 3089 1019 3151 tandem,
1047 3094 1086 3136 et'
1101 3086 1195 3137 obices
1218 3101 1302 3137 omnes

206 3161 240 3211 tis
259 3161 399 3223 Eurysthei
418 3168 446 3211 et
466 3163 597 3225 Herculis,
613 3178 670 3212 enm
688 3164 733 3213 irn-
773 3162 878 3227 frangit.
906 3163 1121 3226 Hincdunorjus
1132 3163 1303 3212 noverceirc·

202 3235 353 3300 periturum
363 3237 479 3302 esse,qnl
491 3237 562 3300 prius
572 3245 734 3300 nasceretur,
774 3244 811 3299 ta,
831 3238 899 3287 omni
921 3238 981 3287 odio
1003 3251 1110 3304 puerum
1129 3236 1302 3300 persequitur,

202 3314 282 3373 luno,
302 3313 408 3361 Herculi
428 3312 538 3375 insensa,
560 3316 733 3378 Eurystheum
772 3312 842 3376 quod
862 3313 942 3377 ipsam
969 3305 1067 3376 pudent
1089 3312 1146 3375 jum
1165 3312 1236 3362 vinci
1253 3306 1301 3363 roe'·

203 3402 291 3438 mense
302 3388 412 3452 septimo
424 3391 592 3455 nescijussit;
610 3390 733 3440 Herculis
772 3387 849 3450 pisse.
1227 3401 1234 3415 ·

202 3480 266 3515 vero
276 3465 361 3514 ortn'm
379 3465 405 3513 in
425 3466 536 3528 primum
553 3466 621 3515 diem
639 3464 732 3515 mensis
804 3469 836 3514 ³2
848 3465 960 3528 Sequitur
968 3469 1108 3528 porrectam
1116 3465 1212 3529 μείω]
1229 3468 1301 3518 colle

203 3541 297 3591 'decimi
309 3542 467 3604 prorogavit.
771 3547 930 3603 serpentum,
946 3555 1009 3604 quos
1028 3542 1097 3592 Juuo
1107 3543 1144 3611 nd
1162 3536 1299 3595 Herculem

202 3614 206 3633 ⁵
234 3623 267 3671 22
285 3619 403 3668 Tendebat
413 3619 481 3682 ocus]
507 3617 732 3669 OvidiusdeAlc·
770 3610 895 3665 infantem
914 3616 1088 3679 devorandum
1108 3618 1260 3682 immineret,
1274 3634 1300 3670 e·

201 3710 294 3746 mena:
318 3686 473 3746 ‘Tendebat
495 3696 606 3760 gravitas
629 3705 730 3746 uterum
770 3699 829 3741 rent
848 3692 974 3741 maxima:
993 3695 1038 3741 sed
1054 3702 1138 3742 tomen
1157 3710 1208 3744 non
1220 3703 1300 3746 reter-

200 3769 343 3834 inllri,'&c.
583 3770 605 3810 ·'
659 3834 661 3839 y
697 3777 699 3781 ’
771 3769 865 3817 dentur
883 3769 959 3831 spiris
979 3775 1007 3817 et
1024 3770 1213 3820 voluminibus:
1231 3771 1300 3836 qnod

233 3849 266 3895 24
283 3844 376 3906 Metus]
400 3847 488 3898 Metus
500 3846 555 3907 ipse
572 3845 680 3895 Junonis
692 3860 730 3895 cr·
770 3846 872 3906 spectat
885 3842 918 3891 ad
929 3851 1042 3891 ceteram
1055 3845 1170 3907 corporis
1191 3854 1301 3909 partem,

202 3923 258 3987 golt
268 3922 351 3970 Deum
364 3937 421 3971 esse
431 3922 580 3969 Herculem.
770 3916 801 3968 eu
819 3927 909 3982 pectus
920 3921 1084 3984 sequebatur.
1116 3922 1159 3971 Sic
1177 3922 1301 3987 Virgilius

231 3997 319 4048 Vivida
326 3999 377 4046 curli
387 3995 486 4059 andra]
497 3996 635 4057 Hercules,
640 3989 731 4045 ‘vivido
770 3995 803 4043 de
813 3990 975 4057 serpentibus
982 3996 1105 4059 geminis:
1124 3997 1206 4048 ‘Pers
1213 4002 1301 4049 cetere

104 4065 114 4085 '
196 4071 276 4138 'doris
286 4072 385 4124 semine
403 4079 483 4137 satus,
500 4085 552 4122 non
573 4077 660 4137 potest
678 4085 730 4120 snr-
771 4075 879 4135 pontum
892 4069 965 4120 l'cne
976 4069 1059 4134 legit!
