2700 4702
456 308 497 360 su
523 288 891 361 uuuuorruururscr.
1134 286 1228 356 1453

100 453 182 507 »uste
195 448 362 518 ratemqusns
371 451 431 504 olins
442 450 500 502 fnit.
518 451 607 502 Bortll.
692 455 738 500 sut
748 429 876 500 caruisset
883 450 980 498 eventu
987 442 1223 498 iibidlulrdsrtlna·

154 526 420 591 possusumus]
437 530 557 579 Damnare
567 525 657 591 scripti
694 527 740 575 tio.
757 525 848 576 Bartls.

121 605 257 656 meliorest
278 605 348 670 quod
369 611 396 656 et
415 607 538 655 Barthius
557 604 585 654 in
604 604 658 654 Ad·
726 605 774 651 1⁰2
791 601 935 664 Frsrtropus
960 599 1093 665 merstem]
1127 597 1224 661 Negas·

120 681 331 732 vemrilsvidit.
364 681 437 731 Idem
452 687 539 730 tumen
560 679 657 730 t'rustrs
692 680 741 726 tnn
751 677 821 739 prior
833 677 945 726 llloreti:
969 676 1018 726 hoc
1035 683 1084 740 est,
1103 676 1224 726 recussit-
1331 730 1333 734 ,

122 764 174 821 est,
185 772 247 807 cum
258 758 426 822 Zingerliugo
434 756 583 807 obluctatur
593 771 658 820 pau·
694 756 755 801 tem.
771 753 806 801 D.
818 751 903 802 Heius

122 833 382 898 lepostprorets'rret
396 847 473 882 mores
488 831 658 896 prosperdidit
726 831 773 876 1⁰4
790 828 902 878 Dotatess
910 827 1008 892 genno]
1036 829 1072 879 Hl
1091 828 1223 879 ersutsd·

122 908 307 971 :turrilum
317 914 345 957 et
363 910 425 972 quod
444 908 585 957 scribenti:
599 906 658 956 niti·
693 902 828 953 diutissimi
853 905 945 968 puellis
972 905 999 954 in
1027 906 1090 955 alias
1114 905 1224 955 familiar

122 989 166 1037 tur
182 984 253 1035 anim
274 985 324 1033 ists
340 984 489 1034 emendatio
502 984 657 1046 optimorum
695 980 835 1029 translatis.

122 1059 246 1112 codicum
258 1059 413 1110 auctoritate
423 1074 431 1118 ς
441 1073 516 1121 qurum
527 1064 555 1107 et
566 1057 657 1107 admit·
726 1055 852 1120 Nutritur]
875 1056 927 1108 Qui
936 1058 963 1107 id
973 1064 1034 1122 agat
1046 1058 1114 1122 quod
1126 1057 1226 1122 nutrix,

122 1133 233 1186 tendam
250 1149 339 1184 sensus
358 1135 482 1198 postulat.
514 1133 598 1198 quue
612 1148 657 1183 cu·
693 1133 1025 1195 exceptoquaiuamatier.
1041 1135 1129 1183 Burtls.

116 1208 157 1260 ris
181 1209 369 1274 posterioribus
390 1209 456 1258 vidit
477 1209 534 1273 ipse
555 1222 656 1275 quoque
726 1208 774 1255 1⁰6
790 1207 904 1256 Pertsdat
913 1207 1015 1258 dominae
1025 1207 1112 1270 emus]
1127 1205 1223 1259 Officio
1245 1249 1247 1253 .

109 1285 258 1347 ‚Bsrthiuu
270 1286 323 1335 Pro
331 1285 557 1348 Dilectampuediu,
565 1285 657 1349 laingr.
693 1280 813 1330 muliebri
840 1288 868 1333 et
890 1283 975 1333 servili
1006 1284 1222 1335 ancillariolomm

120 1361 201 1425 priua.
211 1366 241 1409 et
249 1366 309 1409 tert.
319 1360 442 1410 Vuticsn.
452 1360 534 1410 Oisel·
543 1360 657 1409 Florent.
694 1357 862 1406 servulorum.
883 1359 956 1409 Idem.

119 1437 148 1488 Β.
159 1436 250 1487 Marci
259 1437 417 1487 etMaaarin.
426 1439 504 1486 senei.
523 1438 556 1487 D.
565 1437 657 1487 Heius.
725 1434 838 1483 Pectedut
851 1436 951 1488 domm
961 1435 1049 1499 crines]
1075 1435 1224 1487 Pectebaut

152 1517 188 1563 ⁹⁶
205 1511 264 1562 Stat
274 1513 363 1576 taraus]
380 1513 590 1564 AitClaudianus
601 1513 657 1562 Lai-
693 1507 855 1558 dominarum
866 1511 973 1575 capillos
989 1513 1099 1574 ancillae,
1115 1513 1161 1564 sed
1172 1527 1223 1561 non

119 1587 184 1639 dem
191 1589 250 1653 jam
261 1588 657 1666 seniovoluptatisuauperdito,
694 1583 843 1634 unomodo:
867 1600 926 1634 uum
946 1587 987 1636 has
1005 1588 1156 1650 pectebant,
1170 1589 1222 1638 illae
1307 1628 1310 1633 .

113 1662 239 1732 juniores
250 1669 338 1714 tumeo
355 1665 535 1714 meretriculas
547 1665 657 1713 instrum
694 1659 863 1722 digerebant3
876 1662 993 1725 qnaedam
1005 1663 1148 1724 ornabant;
1165 1665 1223 1714 alias

116 1741 174 1791 isae
184 1739 283 1790 technis
291 1738 447 1788 meretriciis
458 1745 486 1789 et
495 1739 595 1789 artibus
605 1754 612 1798 ς
624 1751 656 1787 ue
694 1750 742 1786 scu
753 1751 799 1785 seu
810 1737 979 1787 discerniculo
993 1737 1221 1790 discriminabant:

119 1817 203 1881 plane
215 1815 279 1864 nihil
290 1822 380 1878 ageret
396 1813 428 1863 ad
445 1821 571 1879 quaestum
583 1829 656 1864 suum
693 1819 823 1862 uotnsuut
833 1814 899 1863 hoec.
915 1814 981 1863 Vide
1003 1815 1090 1864 Plaut.
1105 1814 1223 1866 Poenulo.
1247 1865 1250 1869 .

119 1891 282 1956 sugendum.
297 1893 348 1941 Vel
358 1896 416 1951 dut,
426 1896 527 1954 perstat.
694 1886 771 1938 Ouid.
779 1888 823 1937 lib.
832 1903 851 1939 1.
859 1888 948 1939 Amor.
958 1891 999 1940 El.
1010 1896 1049 1940 ll.
1059 1892 1102 1941 lib.
1110 1905 1140 1940 ιι.
1150 1890 1223 1944 ΕΠ.

130 1980 134 1985 ’
155 1966 296 2030 &crimin
312 1966 396 2031 Aptas
408 1966 473 2016 feeit
482 1965 575 2031 officio,
584 1966 657 2017 iusti·
693 1969 808 2013 nostrum
819 1964 931 2028 Epitlrul.
943 1966 1053 2016 Palladii
1068 1975 1097 2017 et
1108 1970 1223 2031 Serene,

120 2045 184 2097 tuit
201 2044 291 2094 nanu.
692 2039 846 2104 ‘legemque
857 2042 953 2104 capillo
973 2043 1070 2092 Reddit
1080 2043 1097 2091 ε’
1114 2043 1159 2092 sed
1170 2059 1223 2092 ons·

154 2121 190 2168 98
208 2119 312 2182 Cumque
322 2117 427 2168 omnilnu
440 2118 511 2168 unico
522 2118 598 2167 sirius
612 2119 657 2166 Es·
694 2116 765 2165 nium
786 2117 1082 2172 ambitiosissimeidem
1110 2119 1223 2173 officium

121 2199 158 2251 aet
178 2195 206 2244 ist
228 2193 351 2257 mundis]
385 2195 455 2244 Puto
474 2194 536 2242 Hoer
557 2193 600 2242 sit.
622 2194 656 2242 D.
695 2193 845 2243 ancillarum
862 2193 888 2241 ln
905 2194 1018 2257 Epitlral.
1035 2194 1228 2259 HouoriiAng:

122 2269 220 2321 Heius.
401 2283 403 2286 ⁴
695 2267 956 2332 etMariaedepiugit.
989 2272 1024 2319 Et
1034 2271 1094 2335 quia
1104 2272 1224 2334 lurcpro·

131 2386 136 2393 .
158 2345 239 2397 untes
247 2345 324 2396 ursus
335 2347 405 2396 Esset
415 2346 442 2395 iss
453 2344 571 2406 eunuclu's,
582 2343 658 2392 tlrolu·
694 2344 763 2394 vecti
775 2358 872 2405 snmus,
893 2351 964 2405 nota,
985 2345 1105 2395 ditiorum
1118 2347 1224 2409 capilla-

121 2420 290 2484 msernure]
306 2422 382 2471 Unde
391 2435 482 2470 nomeu
490 2426 658 2482 acceperuut,
694 2425 783 2468 menta
801 2434 864 2468 euro
883 2421 970 2470 ornari
984 2428 1076 2472 suetas
1094 2431 1181 2473 noster
1190 2422 1224 2470 de

122 2503 152 2547 et
167 2496 212 2546 cni
230 2496 280 2545 soli
297 2496 407 2559 primum
427 2495 513 2546 officio
535 2494 658 2544 destinati
694 2510 734 2547 vt.
745 2496 1024 2549 Huuoriiconaulutus
1042 2498 1225 2562 ‘substringit-

123 2577 195 2634 suut,
205 2576 238 2620 ut
248 2569 368 2620 nimirum
379 2572 485 2620 Venere
499 2569 658 2619 dominarum
694 2574 985 2638 quecomamgemmis!
1019 2575 1097 2625 Ouid.
1113 2575 1159 2625 lib.
1180 2589 1224 2625 nr.

123 2645 176 2705 {rui
198 2647 250 2711 ipsl
269 2661 322 2697 uon
341 2653 475 2711 potentes,
499 2646 660 2697 custodirent
693 2648 889 2698 Amor.El.12.
911 2650 1047 2713 ‘Virginei
1066 2650 1149 2699 crines
1161 2665 1224 2700 auro

123 2738 182 2779 am
199 2724 330 2790 Dominis,
347 2723 658 2789 fidelitatesolsgrotiam
694 2737 845 2787 gemmaque
881 2725 1052 2787 premuntur.'
1086 2725 1223 2778 Interdum

124 2815 218 2855 eorum
250 2800 425 2864 promerituri.
465 2799 551 2849 Utiles
578 2799 659 2849 habiti
694 2797 784 2847 odores
795 2797 979 2850 admiscebant.
1012 2800 1224 2864 Propertlihr.

122 2874 290 2927 instituendis
312 2875 416 2939 puellis,
435 2880 510 2924 metu
537 2873 660 2925 videlicet
694 2873 735 2924 El.
752 2877 776 2922 2.
797 2874 881 2937 princ.
897 2880 926 2924 at
945 2889 1073 2938 properes
1085 2877 1225 2941 et-piebail

123 2965 157 3002 ue
169 2964 185 3003 s
195 2949 260 3000 viris
270 2956 506 3013 corrumperentur.
694 2948 791 2998 ordinis
802 2949 906 3013 puelle,
916 2949 1004 2999 uesieu
1015 2953 1101 3002 crines
1110 2952 1225 3004 involve*

131 3029 191 3075 w
208 3024 659 3088 Mumummrfflilludituduo·
695 3025 767 3075 bont.
798 3025 867 3075 Vide
877 3033 904 3076 et
914 3026 1030 3077 Martial.
1041 3027 1087 3078 lib.
1099 3042 1161 3080 vm.
1174 3030 1223 3094 Ep.

123 3115 201 3161 men:
222 3115 281 3151 unm
299 3101 449 3165 Eunuchus,
469 3100 516 3151 tri
532 3103 576 3151 τοῦ
592 3101 660 3160 εὐνὴν
694 3105 735 3150 33.
752 3100 886 3165 Dempster.

124 3175 192 3240 ἔχειν
210 3175 251 3226 sal
261 3177 431 3247 insuescimus,
447 3193 463 3227 o
481 3178 659 3227 curassir'ls‘sm
727 3177 947 3243 Btsoepeluouuti]
972 3181 1055 3232 Quum
1071 3186 1171 3244 purtem
1187 3181 1226 3232 ls-
1268 3240 1274 3253 .

124 3251 335 3317 ecgenetorum:
345 3255 390 3303 siut
402 3253 482 3304 εὔνουν
492 3251 562 3317 ἔχων,
577 3254 659 3304 donum
694 3254 940 3308 veritalumuasatis
947 3257 1068 3322 conjicio:
1082 3265 1147 3320 puto
1155 3258 1224 3310 euim

123 3327 212 3378 wear
222 3333 330 3391 wem,
339 3344 433 3393 nempe
439 3331 551 3380 Veneris
557 3345 660 3395 expers,
694 3344 745 3380 uon
756 3331 837 3380 solum
849 3338 909 3394 post
918 3346 993 3395 opus,
1008 3332 1053 3382 aed
1066 3334 1096 3382 et
1106 3333 1138 3382 ab
1149 3333 1224 3387 urina

123 3410 153 3456 et
165 3403 200 3455 ob
210 3402 353 3454 ididoueus
361 3406 491 3456 castitatis
500 3405 659 3472 pudorisque
694 3421 786 3471 aquam
794 3407 868 3471 sumi,
876 3414 905 3455 ut
914 3408 1073 3459 eitMartial.
1089 3410 1097 3437 ‘
1109 3410 1167 3461 Qua
1175 3407 1223 3457 tibi

124 3486 226 3543 custos,
244 3479 327 3530 Ouid.
346 3480 395 3531 lib.
413 3495 434 3532 r.
454 3481 546 3531 Amor.
570 3483 611 3531 El.
635 3486 659 3532 2.
694 3492 769 3547 porte
779 3498 844 3548 opus
855 3491 904 3547 est,
913 3484 1015 3548 Lesbia,
1025 3485 1103 3533 sumis
1113 3482 1223 3549 aquam?

123 3556 660 3621 quarepreciosiorcustratiouepuerdici·
689 3560 788 3624 ¹Glosser.

124 3638 170 3681 tur
186 3630 256 3694 fieri,
277 3632 367 3696 Ulpi.
383 3633 406 3682 si
424 3632 595 3697 eerouuffiud
610 3635 658 3696 leg.
726 3637 796 3699 Soepe
813 3635 903 3684 Mousti
920 3635 1005 3684 Nudus
1021 3636 1048 3684 in
1063 3637 1172 3700 urgento]
1187 3634 1223 3684 A·
1250 3664 1253 3668 Δ

123 3706 207 3771 April.
218 3705 267 3756 sed
286 3720 344 3757 eum
360 3708 453 3758 evirati
468 3709 552 3758 miuus
566 3707 658 3759 fideles
694 3714 835 3778 quariolum
856 3718 884 3762 et
905 3711 1070 3761 Balneariuru
1092 3713 1222 3763 servulum

123 3782 288 3844 viderentur,
316 3783 432 3834 foeminas
449 3784 529 3834 etiam
549 3785 659 3837 castrari
693 3789 875 3839 fuisseiuuuit.
908 3787 1024 3836 Eunuchi
1033 3786 1152 3851 praefecti
1163 3788 1222 3837 Bal·

123 3857 236 3923 placuit,
254 3858 327 3924 cujus
338 3859 445 3909 scoleris
455 3867 548 3911 ructor
559 3860 659 3912 Andra-
694 3865 750 3914 neis
758 3864 931 3914 muliebribus.
953 3863 1083 3914 Caeterum
1091 3862 1223 3913 Balnearii

122 3931 422 3999 myterlsydorumrex.
456 3935 659 4000 Xanthurupnd
693 3940 761 3991 servi
788 3941 857 3989 iuter
881 3938 1004 3988 vilissima
1027 3938 1224 4003 mancipiorum·

123 4009 225 4064 Aruer.
235 4011 281 4063 lib.
297 4025 349 4064 ιιι.
357 4013 521 4077 Dipnosoph.
534 4028 592 4077 cap.
604 4018 643 4064 12.
695 4018 777 4068 Erant
788 4016 831 4081 qui
842 4016 867 4064 iu
880 4015 979 4064 balneis
990 4015 1147 4078 potissimam
1158 4015 1221 4066 vite

156 4090 210 4140 100
226 4089 279 4138 Nes
297 4088 393 4139 ceroma
408 4090 487 4152 tergo]
520 4091 586 4141 Cum
604 4089 658 4140 offi·
695 4093 855 4157 voluptatem
865 4098 1010 4154 ponerent:
1028 4089 1098 4155 quod
1106 4095 1135 4142 et
1144 4091 1225 4143 Seue·

123 4164 336 4221 cldruleuouiuua
345 4167 438 4219 dextre
446 4179 498 4218 uon
508 4167 661 4234 peregisset,
694 4166 987 4233 msubireprehaadir.
1002 4167 1092 4219 Bartt.
