2700 4702
569 549 774 628 XXXVI·

406 863 511 954 CL.
538 863 925 958 CLAUDIANI

646 1080 697 1129 ol:

159 1243 495 1373 RAPTU
538 1252 1193 1423 PROSERPINAE

438 1670 441 1675 .
533 1552 700 1631 LIBER
727 1553 804 1631 111.

522 1738 816 1775 a

534 1914 807 1967 ARGUMENTUM.

152 2040 200 2090 Du
212 2039 365 2104 Joviajumn
375 2040 409 2091 nb
420 2041 492 2092 Iride
501 2044 633 2094 convocati
643 2025 744 2094 sedent.
772 2044 839 2093 'l'um
848 2041 955 2105 Jupiter
965 2038 1002 2088 nit
1014 2051 1041 2086 ae
1051 2036 1139 2086 seculi
1150 2035 1223 2086 aurel

124 2116 223 2181 pigritia
233 2117 370 2184 offensum,
379 2120 467 2184 fruger
478 2121 591 2172 inaratae
602 2131 629 2173 et
641 2125 718 2173 melle
730 2123 866 2185 ademiare,
878 2119 912 2170 ad
921 2118 1084 2170 excitandam
1093 2116 1222 2166 hominurn

120 2197 283 2249 industriam:
303 2201 362 2251 hinc
371 2202 485 2252 homines
495 2202 589 2266 glande
599 2204 668 2253 vesci
681 2220 689 2264 ;
706 2203 765 2253 uine
774 2200 989 2264 naturamqueri3
1001 2199 1110 2261 ideoque
1121 2199 1223 2246 droaer·

122 2279 204 2341 pinam
222 2281 270 2330 dat
286 2282 449 2345 rapiendam,
466 2298 523 2332 eam
540 2293 569 2333 nt
586 2299 706 2348 quaerens
724 2285 803 2334 cerer
824 2281 869 2332 d'et
888 2280 994 2345 frugeo3
1018 2285 1090 2329 vetut
1109 2293 1142 2327 ne
1164 2277 1222 2343 quia

121 2367 251 2422 raptorem
271 2361 374 2423 prodat.
408 2363 517 2412 Interim
530 2365 610 2414 Cerea
630 2364 656 2412 in
669 2365 717 2414 ida
734 2370 848 2413 terretur
859 2361 992 2427 prodigiis,
1004 2359 1117 2422 somniis,
1132 2358 1222 2422 rpecie

120 2437 197 2502 ipsius
211 2440 378 2503 Proserpinae
386 2440 493 2503 flentio3
511 2457 570 2492 mox
589 2445 661 2493 volat
675 2445 701 2492 in
719 2444 849 2493 Siciliam:
868 2443 909 2492 hic
920 2441 1004 2491 omnia
1015 2438 1136 2490 coninua:
1154 2438 1224 2502 petil

121 2518 149 2568 ob
161 2520 271 2569 Electra
281 2522 385 2570 nutrice
397 2522 467 2571 unde
479 2523 621 2572 calamitae.
654 2522 770 2573 Tandem
789 2524 896 2572 Electra
912 2537 967 2571 rem
983 2519 1080 2586 prodit,
1098 2526 1126 2568 et
1136 2520 1223 2568 Vene-

120 2611 180 2662 rem,
198 2600 319 2662 Dianam,
330 2600 466 2650 Palladem
478 2610 600 2653 accurat:
619 2605 735 2667 explicat
755 2605 827 2654 doloa
842 2603 951 2653 Venerio
967 2599 1105 2650 allicientia
1115 2600 1222 2648 Procer-

120 2680 204 2741 pinam
216 2680 243 2729 in
256 2682 351 2743 sylvas,
362 2682 406 2731 ubi
417 2689 476 2732 orta
487 2691 564 2734 nocte
572 2684 657 2733 cubita
665 2690 740 2749 repta
748 2683 843 2747 fuerat,
852 2685 949 2734 ancillir
957 2680 1124 2744 fngientibus.
1141 2679 1222 2728 Cerea

118 2758 248 2808 invehitur
260 2759 286 2808 in
299 2768 353 2809 tres
364 2762 445 2813 Deae.
466 2763 541 2813 Petit
553 2772 581 2812 ut
591 2763 683 2812 saltem
695 2764 773 2813 liceat
783 2778 859 2812 norae
871 2777 942 2812 ruam
952 2761 1134 2811 calamitatem.
1154 2759 1223 2808 Orat

119 2839 244 2889 Latonam
258 2846 286 2888 ut
299 2840 347 2888 ribi
359 2841 605 2906 indicetraptorenr,
624 2843 670 2891 sed
689 2842 793 2892 irmina.
825 2843 895 2904 Ergo
908 2840 1002 2890 atntuit
1013 2852 1130 2904 querere
1140 2835 1222 2886 liliam

119 2933 164 2981 per
175 2934 265 2968 omnes
277 2921 365 2969 mundi
377 2932 474 2984 parter.
506 2923 586 2986 Sylva
603 2923 635 2971 ad
645 2920 751 2972 fluvium
767 2921 834 2972 Acin
842 2919 1010 2982 describitur,
1021 2916 1055 2968 ab
1066 2916 1142 2966 armis
1152 2930 1227 2982 prae·-

119 2999 208 3064 liioque
219 3002 305 3060 Jovir,
323 3018 338 3050 a
356 3002 443 3065 spolii·
457 3003 600 3068 gigantum,
619 3003 670 3051 loci
682 3004 816 3066 religione,
833 3018 891 3068 quae
902 3015 953 3051 non
965 2999 1074 3064 impedit
1085 2999 1221 3063 quominus

120 3079 197 3130 Ceres
209 3089 315 3130 evertat
326 3097 463 3146 cupressus
475 3091 503 3134 et
517 3085 607 3133 cedros
620 3084 653 3132 ed
663 3085 744 3134 taedas
753 3083 885 3133 faciendae
894 3099 900 3132 ι
909 3083 955 3131 hm
963 3079 1082 3130 accendit
1090 3079 1117 3128 in
1125 3080 1220 3130 AEtna:

118 3159 175 3209 hinc
188 3162 356 3225 progreditur
365 3161 440 3226 fleur,
451 3179 612 3229 conquerens
625 3180 653 3214 re
665 3173 774 3228 contem,
785 3179 813 3214 ae
824 3165 942 3228 punitam
956 3160 1055 3224 dicem,
1069 3159 1220 3225 desperem,

119 3243 164 3291 &c
198 3242 268 3291 Nam
279 3240 354 3291 deest
364 3239 432 3294 finit.

118 3443 150 3533 J
154 3487 293 3536 urrrrn
308 3471 432 3534 interea
446 3470 594 3534 cinctum
609 3467 857 3534 Thaumantida
867 3467 989 3532 nimbis

148 3620 251 3671 Interim
271 3621 369 3684 Jupiter
386 3619 486 3685 ιἰιιριιιιι
507 3619 597 3670 iridem
614 3620 784 3670 &mundatam
801 3618 901 3668 motum
917 3618 1065 3682 deueadm,
1084 3622 1108 3666 et
1124 3629 1218 3666 eooem

144 3817 180 3870 In
190 3819 251 3870 Vat.
263 3834 304 3884 pr.
316 3831 376 3869 uec,
388 3825 415 3867 et
433 3817 515 3884 quint.
532 3818 594 3871 Jun.
609 3833 649 3882 pr.
666 3824 695 3868 et
710 3833 762 3868 uec.
782 3817 881 3870 duobur
895 3819 970 3869 Vota.
989 3817 1075 3868 Oxou.
1092 3829 1133 3879 pr.
1153 3814 1219 3870 eoo.

614 3930 720 3982 Now

148 4049 162 4094 l
179 4044 288 4108 Interea]
303 4045 376 4093 Dum
391 4044 448 4093 hoec
459 4049 571 4108 aguntur
584 4059 645 4096 con·
720 4040 904 4103 dimouenda]
920 4039 984 4102 Irin,
1001 4053 1060 4104 quoe
1075 4039 1219 4090 Thnumnnss

118 4121 193 4186 vivia,
204 4121 267 4171 dum
278 4127 370 4171 cantur
380 4128 511 4188 resonant,
521 4125 571 4174 &m
684 4121 718 4172 tia
729 4126 757 4171 et
766 4121 881 4170 Electra
899 4115 962 4183 filia,
977 4114 1025 4168 lai
1042 4117 1085 4166 roi
1100 4114 1217 4179 θαῦμιιιιι
