2700 4702
197 451 461 516 ¹tragicorumfllios.
494 451 584 503 Μ.
768 470 772 479 ·
799 455 833 500 89
851 451 950 502 Castu
968 451 1095 501 insumus
1108 449 1209 515 dudm]
1226 451 1300 508 Nolis

232 533 263 578 82
281 529 349 578 luter
374 527 488 578 luctata·
510 526 617 592 pesula]
648 528 731 592 Maio,
767 528 851 592 iudris
862 536 954 592 argute
966 528 1136 578 Pricusuus:
1164 528 1298 593 utirydros
1346 518 1348 525 ¹

198 604 284 655 iutra:
306 604 393 660 libat.
409 605 512 669 ‘major
531 604 637 657 aberret
657 605 730 655 Intra
767 610 844 654 ustos
858 605 1052 668 suosuppellet.
1084 603 1242 655 nrm·
1280 640 1283 646 -

199 679 375 731 tectatimor!
407 678 536 731 D.'Heinn
798 680 931 729 immoritur
947 680 1052 746 flydrir]
1082 680 1297 739 Immsuitasum·

198 801 201 808 .
232 761 264 808 83
280 757 390 808 Alternis
415 759 472 808 lusit
489 757 597 821 jugulis]
624 756 730 808 Fnbnioe
768 756 838 805 nium
867 756 1050 806 immanissima
1067 765 1193 820 serpente
1215 757 1296 807 serus

199 835 350 885 notissimae.
381 834 562 899 Agamemnon
584 851 600 885 a
621 835 731 899 conjugo
767 839 854 882 natur.
899 832 970 881 Hinc
990 832 1098 896 Hydrus
1123 831 1209 882 drudr-
1224 831 1297 895 dum

199 911 393 974 ,clytemnestra
409 911 436 960 iu
446 913 556 975 gratiam
566 913 679 962 adulteri
688 911 731 961 AE-
769 907 980 970 spud'l'igretem
992 907 1297 969 Curemeieuimiuscri·

200 986 390 1049 gisteioccisus
409 989 525 1051 est,ipse
547 988 618 1051 prius
634 988 733 1038 adulte·
769 982 797 1032 bi
818 984 1134 1047 Bstrechomyouscuim
1158 985 1187 1035 iu
1209 986 1297 1049 priscis

198 1066 243 1114 riis
251 1062 363 1115 inferuis.
396 1067 596 1130 clytemnestrm
607 1065 731 1115 muritici·
769 1059 961 1121 stemplliibm
981 1066 1101 1110 nmium
1127 1061 1297 1115 erudimini)

199 1138 271 1189 dium
304 1141 408 1189 ulturus
434 1140 574 1203 parricidio
607 1140 732 1191 interficit
769 1132 905 1184 Numerio
924 1133 958 1183 ad
974 1134 1161 1198 Puryotcuuu.
1188 1136 1230 1187 Et
1249 1150 1298 1186 mc·

199 1216 320 1280 Orestes,
330 1217 535 1281 matremlilius,
552 1220 732 1271 invindictam
769 1211 827 1260 ¹¹¹1st
838 1217 898 1261 ⁸⁰¹²
910 1211 1041 1262 ³0¹⁸stOE
1059 1212 1208 1277 Sitifim*
1224 1213 1299 1265 ⁸⁰⁸0·

200 1295 420 1358 paternrscaedis.
453 1296 556 1346 Revera
566 1297 636 1346 iusus
654 1295 732 1347 furia-
770 1288 911 1339 diltmfllil·
927 1290 1016 1340 nolu
1296 1333 1298 1339 .

200 1386 267 1423 rum.
284 1371 375 1421 Berlin.
800 1369 833 1414 uo
850 1365 977 1429 Metilius]
995 1365 1111 1417 Celerius
1130 1365 1164 1415 ad
1184 1365 1299 1430 rapinum

199 293 285 373 12:38
387 309 496 360 norm
516 307 719 367 vunrouuu
743 309 781 358 su
807 309 868 358 cu.
890 309 1030 362 ussup.
1054 309 1111 359 ιιι.

234 1446 290 1502 Huc
309 1443 415 1508 susm]
435 1444 542 1509 Nuptiis
562 1446 671 1497 honesta
693 1453 733 1499 st.
770 1447 799 1492 et
810 1442 952 1505 perniciem
964 1443 1124 1492 miserorum.
1141 1443 1231 1493 ΒΜ.

201 1533 251 1587 que
275 1519 369 1570 eximis
388 1520 475 1585 aliqua
496 1535 608 1585 persona
628 1523 734 1586 auspice
807 1518 941 1568 Violentus
961 1518 1060 1568 Austris
1083 1517 1187 1577 ombus,
1202 1518 1301 1582 noui

199 1595 408 1650 conciliabantur
417 1596 533 1647 moribus
545 1598 675 1649 Romanis.
690 1599 734 1648 Vi·
771 1591 852 1656 refluit
874 1593 1087 1656 {remittendis}
1115 1594 1256 1656 Gytaldiri
1275 1599 1300 1645 ei

201 1670 235 1719 de
246 1671 537 1736 Brissooii,Hutomani‚
546 1674 735 1739 aliorum,uup·
772 1670 1301 1735 Lucensisiibriiectiouemesprcsrimns:

199 1747 278 1799 uoles
289 1747 504 1802 Observationes.
520 1750 610 1813 Burin.
772 1746 823 1795 uisi
834 1746 903 1810 quod
924 1747 950 1796 iu
961 1747 1006 1797 illo
1021 1747 1109 1808 saluis,
1119 1748 1146 1796 iu
1160 1749 1212 1798 hoc
1223 1748 1302 1812 floris,

235 1822 291 1871 Hac
300 1824 402 1886 auspice,
420 1824 473 1888 irc]
496 1825 607 1875 Tantum
624 1826 684 1875 oiim
696 1840 735 1876 re·
773 1823 902 1887 quomodo
911 1824 1026 1887 vulgati:
1044 1824 1165 1888 refluissb
1176 1823 1302 1888 lungun

200 1898 292 1962 ligioni
307 1899 479 1961 tribuebatur,
491 1906 520 1948 nt
536 1901 664 1964 sponsalia
675 1915 736 1950 con·
773 1904 828 1948 est:
846 1899 1143 1963 quietudooinsdustris
1152 1899 1248 1950 hebet:
1259 1899 1301 1948 sed

203 1975 317 2037 trahere,
338 1975 406 2026 citra
426 1977 544 2026 Deorum
574 1977 735 2027 voluntatem
771 1974 855 2024 male:
872 1975 1094 2038 lib.1t.·deRupt.
1112 1976 1303 2040 ‘quantasvis-

203 2052 375 2116 exploratum,
394 2051 465 2101 nefas
482 2053 641 2113 duceretur;
663 2052 735 2103 ideo·
773 2049 1087 2101 leutiorAusterDecutit
1096 2051 1232 2101 arboribus
1239 2050 1303 2101 fron·

203 2143 253 2193 que
269 2136 298 2178 et
316 2129 398 2193 primu
411 2128 469 2177 iuoe
491 2128 611 2191 auspices
629 2127 736 2191 auguris
774 2124 847 2175 des?
865 2127 904 2176 sic
923 2127 992 2176 euim
1004 2127 1106 2190 scripti,
1123 2142 1175 2177 nou
1191 2130 1303 2178 trucsies·

203 2206 354 2269 captabant.
371 2204 440 2254 Tuli.
452 2206 471 2253 Ι.
483 2218 502 2253 ι.
514 2204 547 2253 de
559 2204 646 2253 Divin.
662 2204 736 2254 Serv·
774 2203 829 2252 tior.
862 2203 937 2252 Statii
956 2202 1000 2251 iliu
1010 2202 1157 2266 cogitabat,
1172 2202 1305 2253 ‘refluum-

203 2281 237 2336 ud
256 2283 314 2332 AEu.
331 2295 369 2330 rr.
398 2289 460 2343 post
477 2281 561 2344 princ.
580 2286 608 2330 et
620 2280 654 2328 sd
671 2279 737 2330 illud
776 2294 827 2345 que
838 2286 927 2330 meatu
936 2280 1064 2343 Euripum
1075 2280 1092 2328 ι’
1107 2281 1170 2330 hinc
1181 2281 1305 2346 custigsu·

203 2358 261 2407 AEu.
271 2371 291 2407 1.
303 2360 310 2386 ‘
320 2357 461 2421 primisque
467 2357 573 2420 jugurat
583 2356 738 2406 ominibus!
776 2356 823 2404 dus
834 2355 903 2404 idem
913 2355 1013 2405 stulius
1028 2356 1100 2419 sylv.
1111 2357 1181 2406 libro
1192 2370 1212 2407 1.
1223 2358 1257 2407 de
1267 2372 1305 2406 eo·

202 2434 287 2484 Tucit.
304 2433 350 2482 lib.
367 2433 401 2483 de
410 2432 572 2496 nuptiisSiii'r
581 2440 610 2483 et
620 2433 737 2482 Messali·
776 2431 835 2481 dem
858 2429 963 2494 Euripo,
987 2430 1046 2480 ‘sic
1068 2431 1196 2481 Chalcida
1216 2431 1306 2483 fluetus

204 2524 255 2572 nn,
265 2516 294 2559 et
310 2510 357 2559 lib.
375 2522 438 2559 nur.
454 2508 489 2557 de
507 2507 606 2571 nuptiis
624 2508 737 2558 Neronis
775 2504 1036 2570 Dispercuutreiiui:
1053 2507 1092 2556 sic
1104 2507 1306 2573 dissocintnpro·

201 2592 232 2635 et
241 2584 398 2649 Pythagoreo
406 2584 541 2648 cujusdam
548 2583 666 2633 obsoleti.
675 2585 738 2635 Juv.
776 2581 858 2631 fundo
871 2582 962 2631 Brutis
980 2581 1112 2632 Sicanium
1132 2583 1306 2648 circumspicit

203 2662 259 2712 Sat.
284 2676 312 2712 x.
336 2663 450 2711 ‘Veniet
474 2675 533 2711 cum
566 2662 738 2724 signatoribus
777 2674 822 2709 eru
842 2659 988 2710 Peiorum:’
1020 2659 1066 2710 ubi
1083 2675 1224 2724 perperam
1243 2676 1305 2712 nunc

204 2738 323 2802 auspex!
357 2739 392 2788 Et
410 2738 508 2787 Lucan.
517 2736 563 2787 lib.
572 2751 605 2787 11.
617 2737 651 2786 de
663 2738 739 2787 Bruti
777 2735 902 2786 scribitur
920 2736 1052 2799 Expellam
1063 2736 1152 2799 flend:
1178 2739 1262 2800 possit
1280 2745 1306 2789 et

204 2821 233 2865 et
243 2815 345 2865 Porcius
360 2813 468 2877 nuptiis,
484 2815 671 2878 ‘contentique
683 2829 740 2864 sus·
777 2809 878 2874 refingi,
889 2812 982 2875 fluctus
1000 2810 1181 2873 refugierunt
1200 2814 1306 2864 Seneca

204 2890 263 2956 pice
274 2891 377 2943 Bruto?
410 2890 504 2940 Seuec.
515 2890 612 2940 Troud.
623 2887 687 2941 Act.
702 2905 740 2939 ιν.
777 2887 804 2935 iu
814 2887 929 2937 Hercule
948 2887 1067 2949 Furenti,
1088 2888 1217 2939 ‘Vicibus
1235 2891 1306 2940 ulter·

203 2979 240 3017 sc.
257 2980 279 3016 ι.
295 2968 421 3031 optimum
441 2971 530 3015 sutem
549 2966 686 3029 augurium
706 2967 739 3015 ab
777 2963 818 3012 nis
828 2961 907 3026 surges
918 2964 1030 3027 Euripus
1039 2963 1056 3012 ε’
1074 2965 1250 3016 ‘estuantem
1260 2969 1307 3017 Eu·

204 3042 318 3105 srdpitre
327 3041 442 3091 ducitur.
454 3041 523 3090 Pliu.
535 3054 563 3089 x.
575 3045 600 3090 6.
611 3041 689 3091 Hisce
696 3057 741 3091 au·
778 3040 874 3103 ripum’
884 3040 1082 3090 dixitBu'etirius
1091 3040 1125 3091 de
1134 3043 1307 3093 consolatione

204 3122 260 3166 lem
270 3115 385 3180 auguriis
402 3115 539 3165 Pilumnus
550 3121 579 3164 et
597 3114 740 3166 Picumnus
777 3115 964 3179 Philosophia.
997 3117 1123 3167 Cirsicida
1139 3118 1213 3168 enisu
1229 3120 1308 3168 aBoe·

204 3190 250 3241 Ilii
266 3190 397 3254 deputati,
416 3205 451 3240 ex
461 3190 581 3240 Varrone
592 3192 702 3256 Nouius,
714 3207 742 3246 c.
778 3190 833 3239 otis
850 3188 986 3254 dispescit.
1026 3193 1070 3242 De
1090 3193 1216 3245 Chalcide
1231 3195 1310 3257 Mein*

206 3269 249 3316 12.
282 3267 420 3328 Desupster.
777 3265 845 3316 libro
855 3281 886 3316 ιι.
896 3281 954 3330 cup.
964 3271 989 3318 7.
1011 3267 1162 3319 ‘Caeterum
1174 3271 1263 3336 iunge,
1272 3277 1309 3320 tu·

207 3371 213 3380 ·
237 3346 270 3391 86
286 3340 364 3402 Signo
373 3340 476 3404 quidem,
487 3341 591 3406 orooro]
609 3343 741 3394 Praestau·
776 3343 850 3406 tique
862 3343 974 3392 Boeotiae
991 3344 1123 3407 oppositu,
1139 3353 1252 3409 augusto
1262 3344 1311 3397 fre·-

205 3417 409 3474 lioresrionou
425 3425 580 3483 ugnoscuut.
603 3422 639 3470 D.
652 3421 740 3472 Heius.
778 3426 805 3470 to
817 3420 898 3469 distat
913 3435 929 3469 ιι
943 3420 1041 3470 littore.
1074 3422 1192 3485 Euripou
1209 3430 1310 3484 uocant,

238 3499 270 3546 87
288 3496 340 3545 Neo
350 3495 395 3556 fus
410 3500 455 3559 est,
472 3511 515 3546 ure
527 3511 596 3560 posse
613 3497 680 3561 reor]
697 3497 741 3546 AE·
777 3496 897 3559 rapidum
910 3496 1311 3561 mare,ets1urooeurm,ssp÷

205 3581 263 3637 qun
283 3572 423 3635 potettmis
439 3572 496 3622 haec
516 3572 576 3622 duo.
617 3572 740 3637 Alioquin
778 3573 828 3623 ties
850 3573 893 3622 die
915 3587 946 3622 uc
963 3573 1061 3638 septies
1081 3580 1170 3637 nocte,
1188 3573 1309 3625 fluctibus

205 3646 277 3711 apud
286 3647 424 3696 Furiarum
431 3647 568 3700 maximum
580 3647 679 3697 nulium
691 3645 740 3698 fus.
777 3651 889 3701 invicem
897 3652 988 3715 versis,
996 3651 1061 3701 adeo
1073 3652 1212 3701 immodice
1221 3651 1310 3715 fluens,

204 3721 304 3773 latinis
315 3722 391 3772 nefas
408 3723 477 3772 idem
492 3730 567 3771 sonat
578 3723 649 3788 quod
658 3720 741 3786 ilinc
778 3732 809 3776 ut
819 3733 911 3776 ventos
922 3727 1001 3776 etiem
1014 3743 1045 3776 ac
1055 3728 1133 3791 piena
1144 3729 1231 3778 ventis
1243 3727 1312 3778 neri·

204 3813 257 3850 ror.
273 3800 415 3849 Horatius:
438 3799 538 3852 ‘levius
554 3797 589 3848 ot
615 3799 742 3861 patientia
778 3803 821 3866 giu
847 3802 1005 3864 frustretur?
1050 3803 1093 3852 Ad
1121 3808 1202 3867 quem
1228 3805 1311 3854 locunt

206 3877 337 3942 Quicquid
345 3878 478 3940 corrigere
487 3884 527 3927 ert
535 3874 628 3926 nefas!
642 3877 740 3926 Tamen
778 3880 860 3928 multu
871 3879 986 3936 erudite,
997 3885 1028 3929 ut
1045 3879 1123 3940 solet,
1140 3879 1179 3927 vir
1200 3892 1312 3935 summus

204 3948 234 4002 el
245 3953 329 4002 Furiis
345 3968 390 4002 sur
411 3963 472 4004 sunt
489 3954 606 4016 crimina,
622 3968 680 4003 cunr
697 3970 741 4019 po·
779 3957 882 4006 Issucus
904 3956 1021 4005 Vossius.
1055 3954 1184 4004 Videatur
1206 3955 1262 4018 iiie,
1286 3962 1313 4005 et

206 4035 288 4079 testas
308 4032 419 4094 ipsarum
446 4032 539 4081 alieuae
567 4031 670 4081 subdita
697 4033 740 4082 sit.
779 4033 985 4096 aliiGeographi
1006 4031 1040 4080 de
1058 4032 1175 4094 Euripo:
1193 4045 1241 4080 nos
1264 4030 1313 4089 eliu

204 4104 298 4158 Bou.
397 4154 400 4159 ⁴
458 4148 461 4154 .
596 4141 607 4146 η-
680 4161 684 4168 ,
736 4133 740 4147 ·
778 4123 957 4172 properamus.
1000 4108 1119 4170 Vulgari,
1138 4107 1227 4156 Aeriam
1246 4104 1316 4156 fluit

239 4184 371 4248 Mundum]
382 4185 531 4236 Humanum
542 4199 634 4252 gersus.
650 4185 741 4239 nunu
776 4184 852 4250 niu,
859 4185 886 4234 iu
897 4186 946 4236 lroc
954 4183 1091 4236 Claudiani
1101 4183 1169 4235 loco.
1181 4184 1215 4236 D.
1226 4183 1313 4236 uun.
