2700 4702
352 332 498 383 narras
525 333 703 384 suessae.
736 334 806 385 ars.
831 334 888 383 ιιι.
1085 320 1171 386 1018

64 474 237 540 Deficiunt
253 476 333 539 rivi:
358 479 512 560 squalent
526 480 676 559 rubigine
691 487 806 562 prata:

63 576 106 640 Et
118 577 200 639 nihil
216 575 362 639 afflatum
378 581 472 642 vivit.
506 580 633 642 Pallere
649 581 801 660 ligustra,
1103 580 1170 643 240

64 677 248 760 Exspirare
264 697 373 755 rosas,
387 679 573 743 decrescere
588 681 659 744 lilia
675 681 754 744 vidi.

65 778 111 841 Ut
125 799 230 843 rauco
246 781 387 843 reduces
403 789 513 844 tractu
530 782 668 846 detorsit
683 781 845 859 habenas,

64 878 143 942 Nox
159 901 224 944 sua
239 882 454 965 prosequitur
467 902 597 945 currum
610 905 618 962 3
641 886 698 947 lux
715 883 863 948 redditur
876 884 960 946 orbi.

65 980 273 1063 Persephone
286 1002 458 1065 nusquam.
503 983 596 1047 Voto
611 984 735 1047 rediere
750 990 899 1068 peracto,

64 1081 134 1145 Nec
149 1103 303 1146 mansere
315 1085 411 1148 Deae.
457 1085 580 1147 Mediis
595 1086 778 1149 invenimus
794 1087 884 1150 arvis
1099 1087 1167 1150 ‘245

63 1180 261 1247 Exanimem
278 1185 422 1270 Cyanen.
468 1187 595 1251 Cervix
610 1189 760 1251 redimita
769 1188 916 1272 jacebat,

62 1285 102 1348 Et
113 1287 297 1366 caligantes
313 1291 504 1353 marcebant
517 1289 621 1352 fronte
635 1308 780 1353 coronae.

62 1419 108 1480 ipsa
114 1437 124 1475 ‚·
140 1419 227 1480 nigror
237 1421 312 1482 serpit
323 1423 354 1469 ad
363 1422 557 1485 graminafflrii
564 1422 700 1482 siccescurrt,
707 1436 794 1484 pascua
799 1420 1063 1482 sedanturserrugire,
1071 1425 1094 1468 et
1106 1419 1168 1470 reitil

61 1483 116 1530 nuit
128 1491 228 1532 tactum
241 1484 359 1533 anlsele'tu:
375 1486 456 1549 aspexi
468 1488 570 1547 ligustra
586 1487 718 1549 pallescere,
736 1501 801 1534 rasas
819 1500 968 1545 marcescere,
986 1486 1037 1534 lilia
1054 1484 1165 1534 diminui.

63 1549 119 1595 Cam
128 1547 220 1609 auriga
232 1547 416 1610 deflexitsroerm
425 1552 548 1599 redeuntia
555 1564 665 1599 corruam
674 1551 775 1608 measti,
784 1566 827 1598 sun
836 1551 913 1611 caligo
921 1551 1047 1598 comitatur
1057 1563 1167 1607 currum

60 1610 106 1659 dies
113 1612 254 1660 restituitur
261 1616 359 1662 munda:
371 1615 514 1676 Proserpina
522 1614 605 1676 namet
615 1621 738 1677 apparet:
757 1615 828 1664 Dice
839 1617 935 1675 Verurs,
944 1614 1038 1671 Pallas,
1047 1621 1072 1660 et
1081 1614 1169 1662 Diana

60 1689 156 1723 reuersoe
173 1681 239 1735 sunt,
257 1678 373 1726 desiderio
388 1680 490 1740 impleto,
506 1694 579 1741 neque
597 1686 764 1729 remanserunt.
800 1680 938 1741 Iteperimus
948 1680 973 1726 in
985 1677 1166 1739 mediiscampis

62 1739 155 1802 Cyanen
165 1738 221 1789 t‘ere
232 1745 357 1790 mortuam.
377 1744 467 1791 Collum
478 1749 586 1792 ornatum
603 1743 736 1803 languebat,
753 1748 775 1790 et
790 1759 880 1791 cernue
896 1743 1024 1790 obscuratae
1040 1742 1165 1789 sordebant

60 1945 107 1994 duo
116 1948 180 1998 Jun.
192 1947 244 1995 duo
256 1948 332 1996 Voss.
345 1953 397 1996 tres
408 1949 502 1997 Petav.
513 1950 578 1998 Exc.
590 1949 655 1997 Lari
673 1955 700 1998 et
718 1950 808 1998 Petav.
821 1955 906 2013 quart.
928 1947 986 1998 Ald.
1002 1948 1165 2011 permanetis

60 2010 133 2058 lueriis
144 2013 224 2059 Voss.
235 2027 274 2075 pr.
283 2013 412 2072 permansit
423 2013 449 2061 in
459 2014 543 2060 leriae
550 2014 610 2061 Vat.
623 2018 684 2061 tert.
697 2021 724 2061 et
736 2014 761 2062 d.
771 2015 900 2076 permansit
912 2014 938 2061 iu
949 2013 1027 2061 lrerlris
1036 2020 1088 2061 ret.
1099 2013 1165 2074 Gyr.

61 2075 157 2123 Bonan.
169 2076 234 2124 Var.
253 2076 306 2124 LL.
322 2091 337 2124 e
358 2091 437 2137 marg.
456 2076 544 2124 Parin.
560 2082 684 2139 permanat
703 2079 727 2124 iu
744 2079 828 2125 terias
848 2080 889 2125 vel
902 2077 1031 2139 permansit
1049 2078 1075 2123 in
1086 2076 1164 2124 tertis

60 2139 131 2187 Voss.
145 2143 284 2188 sec-24⁰
302 2140 337 2187 Et
348 2142 383 2188 nil
394 2147 447 2188 tres
457 2142 530 2188 Vatt.
544 2148 570 2189 et
584 2141 609 2189 d.
623 2142 735 2189 Floreat.
749 2141 800 2188 inc.
812 2140 902 2189 Heius.
916 2141 977 2190 Put.
990 2141 1056 2201 Reg.
1069 2141 1164 2188 Moret.

60 2218 96 2264 pr.
107 2205 187 2252 Voss.
199 2217 239 2266 pr.
251 2211 305 2252 tres
315 2204 407 2252 Petav.
417 2205 481 2253 Exc.
492 2205 585 2253 Petav.
597 2211 680 2268 quart.
695 2206 728 2253 Et
737 2205 772 2263 nl]
787 2205 892 2269 afflatum
903 2207 978 2253 Voss.
990 2218 1041 2251 sec.
1053 2203 1164 2266 affectum

62 2267 153 2316 Petav.
174 2274 238 2315 tert.
258 2269 342 2331 afflatu
360 2269 459 2316 Bouon.
478 2269 552 2317 viruit
571 2283 619 2331 pro
638 2269 696 2317 visit
712 2269 770 2318 Val.
783 2270 944 2334 quint-241
962 2267 1164 2318 decrescereVar.

62 2331 109 2379 LL.
122 2346 233 2393 emarg.
250 2331 339 2380 Parru.
356 2333 464 2381 livescere
476 2348 523 2395 pro
534 2335 663 2381 decrescere
681 2335 746 2396 Reg.
759 2349 792 2382 m.
804 2338 938 2384 see—212
956 2335 989 2381 Et
1008 2333 1100 2381 Petav.
1112 2346 1164 2387 sec.

64 2395 94 2442 Ut
104 2400 174 2444 tanto
185 2397 260 2444 Voss.
273 2410 311 2458 pr.
322 2399 417 2444 reduces
427 2412 496 2445 rauce
505 2399 565 2446 Vnt.
578 2412 617 2458 pr.
630 2397 695 2446 Cod.
714 2399 859 2446 Bartlrolin.
875 2400 987 2447 chartac.
999 2397 1091 2445 Heius.
1104 2395 1164 2444 edd.

60 2458 118 2508 Ald.
129 2461 221 2508 Vicet.
233 2459 327 2508 Perrh.
340 2466 367 2508 et
379 2461 412 2508 al.
424 2463 546 2523 detorquet
554 2461 614 2509 Vat.
633 2476 686 2510 sec.
705 2463 811 2510 detraxit
822 2461 862 2510 ed.
876 2464 962 2511 Vicet.
978 2468 1005 2510 et
1023 2462 1110 2509 Parm.
1124 2463 1163 2508 de·

60 2523 123 2572 misit
134 2524 231 2590 Petav.
239 2528 384 2573 tert—243
399 2526 545 2588 persequitur
556 2526 619 2588 Reg.
631 2526 717 2576 Oxou.
734 2541 773 2590 pr.
785 2541 867 2574 currus
876 2527 927 2575 duo
939 2527 1012 2574 Vatt.
1026 2526 1098 2573 Voss.
1110 2537 1162 2573 see.

60 2602 123 2636 curm
135 2588 200 2639 Jun.
213 2592 348 2636 see-244
367 2589 515 2651 Persephone
531 2594 566 2637 est
584 2605 697 2653 nusquam
716 2590 776 2640 dun.
797 2606 849 2639 sec.
868 2606 979 2654 nusquam
995 2591 1103 2637 estVat.
1124 2602 1164 2651 pr.

61 2650 120 2700 Cud.
134 2652 280 2700 Bartholin.
292 2654 356 2700 nulla
372 2659 408 2701 est
424 2653 465 2702 ed.
482 2654 568 2703 vicet.
580 2655 726 2716 Perseplwee
742 2669 853 2717 remquam
865 2655 920 2703 sine
936 2652 1171 2702 castoreaeque

61 2715 128 2764 Med.
141 2716 194 2764 duo
208 2716 298 2765 Heius.
312 2717 372 2765 Put.
384 2716 450 2781 Reg.
463 2717 513 2767 duo
526 2718 619 2766 Petav.
639 2721 740 2766 Bonan.
756 2719 857 2767 Thalos.
869 2717 960 2766 Ambr.
978 2724 1039 2766 tert
1050 2718 1111 2767 lun.
1123 2730 1163 2777 pr.

60 2780 116 2829 Vat.
129 2780 217 2831 Lirin.
229 2781 280 2828 duo
293 2779 379 2829 Oxou,
392 2782 441 2830 duo
454 2783 476 2829 V
478 2798 527 2831 oss.
543 2783 606 2829 axe.
626 2784 715 2830 Peter.
724 2790 809 2844 quart.
820 2782 881 2830 Var.
895 2783 945 2856 Lis.
957 2796 971 2829 e
984 2794 1063 2844 marg.
1074 2781 1163 2828 Parm.

59 2845 303 2972 mitta
315 2843 1163 2971 fr?aitinlttltttttltt..lessentiatus

60 2977 225 3034 quart—24⁷
237 2972 325 3033 fronde
343 2987 390 3037 pro
404 2973 488 3033 fronte
506 2976 567 3024 Vat.
580 2975 663 3037 quint.
677 2975 740 3038 Reg.
753 2973 821 3035 ferte
832 2975 924 3023 Peter.
937 2977 1070 3023 sea-248
1085 2971 1163 3020 suln'ts

551 3096 661 3146 NOTAE

86 3191 135 3236 240
146 3188 279 3252 ⁴etfflrrtnm]
294 3188 404 3236 Tectum
422 3186 535 3250 maligno
546 3200 588 3234 an·
628 3192 711 3236 uerat.

57 3260 133 3310 helitu
145 3277 272 3325 equorum
284 3262 411 3311 Plutonis.
660 3267 707 3311 243
729 3263 787 3311 Nox
805 3261 859 3323 sua]
883 3260 952 3322 Nox,
972 3274 1049 3323 quem
1069 3273 1161 3308 currus

87 3338 194 3400 Fallere]
206 3339 246 3386 Ex
257 3338 315 3386 albo
327 3339 413 3386 colore
425 3338 451 3386 iu
464 3336 587 3400 pallidum
627 3338 769 3401 invexerat,
781 3338 837 3386 abit
847 3351 904 3385 cum
914 3349 999 3384 curru.

58 3412 224 3476 degenerare.
660 3417 708 3462 att
727 3412 885 3476 Persephone]
903 3412 968 3461 Quae
980 3410 1070 3459 esdenr
1082 3416 1123 3459 est
1130 3424 1161 3459 ac

85 3494 133 3539 ⁴241
157 3490 297 3553 Exspirare]
308 3491 482 3550 Marceseere,
491 3494 519 3537 et
529 3487 588 3537 odo·
629 3489 796 3551 Proserpina.
820 3487 967 3550 Persephone
976 3501 1102 3550 nusquam:
1119 3486 1162 3535 aiii

59 3578 107 3612 rem
120 3564 281 3628 fragrantem
296 3565 427 3613 amittere.
629 3567 728 3628 legunt,
746 3563 892 3625 Persephone
900 3564 965 3611 nulla
975 3568 1020 3624 est,
1031 3577 1102 3612 mure
1112 3563 1161 3611 Co·

86 3641 162 3703 Irilia]
182 3642 319 3701 Hercules,
336 3639 589 3688 utfieretimmarta-
630 3641 767 3688 micorum:
794 3637 942 3697 Terentius,
962 3639 1038 3686 nullus
1055 3651 1115 3697 sum,
1134 3635 1161 3683 id

58 3715 92 3778 lis,
103 3731 119 3764 a
129 3717 198 3765 Jove
208 3716 318 3766 Juueuis
328 3715 419 3776 sopitas
431 3714 534 3777 papillis
546 3713 589 3761 ad·
630 3724 671 3765 est
683 3716 757 3780 perii.

58 3799 149 3854 motus,
160 3791 201 3839 lac
212 3791 313 3839 avidius
333 3791 453 3839 haustum
470 3804 514 3837 are
529 3803 589 3849 cpu-
661 3797 710 3842 tta
729 3792 836 3857 Cyanen]
854 3793 1077 3855 Nympham,quae
1094 3787 1161 3837 fonti

59 3865 138 3914 tinere
157 3881 209 3914 nou
231 3867 328 3929 potuit,
347 3867 391 3913 sed
409 3864 518 3914 effusum
531 3872 587 3914 est:
629 3871 724 3933 Cyanee
736 3860 869 3931 praesidet,
880 3881 960 3930 prope
968 3867 1118 3928 Syracusas.

59 3942 251 4001 perscirculum
270 3943 382 3991 lacteum
396 3943 515 4004 signavit,
528 3957 588 4005 pars
662 3945 751 3994 Cereix
774 3944 898 4005 redimita]
925 3940 1046 3990 Attonita
1069 3941 1158 4005 Cyane

58 4016 187 4073 interram
200 4019 325 4069 decidens
338 4018 527 4068 litiatormarit.
628 4028 708 4084 caput
719 4021 795 4069 sertis
806 4025 922 4068 ornatum
938 4017 1102 4080 deposuerat.

87 4096 134 4140 242
153 4093 258 4142 Reduces
277 4092 377 4141 detorsit
389 4093 500 4155 menas]
518 4095 585 4144 esn-
658 4101 705 4146 247
725 4092 871 4157 caligantes]
888 4092 956 4142 Atra
977 4092 1070 4143 nebula
1089 4092 1159 4147 afflu-

60 4167 134 4218 rertit
152 4184 232 4236 equos
250 4169 390 4235 redituros,
407 4184 459 4234 qua
474 4171 584 4236 ipsese·
625 4177 668 4221 tre.
