2700 4702
408 303 556 354 narnus
582 305 762 356 rnosunr.
788 306 860 356 mn.
884 307 942 356 ur.
1139 291 1223 355 1021

118 444 169 507 Tu
184 451 291 522 certe,
307 444 452 522 Latona,
467 447 560 512 refer.
607 445 766 512 confessa
783 448 896 512 Diana

119 545 218 609 Forte
233 547 319 610 tibi:
342 549 441 622 nosti,
456 548 536 629 quid
549 550 593 610 sit
608 547 746 625 Lucina,
763 550 840 630 quis
854 550 966 613 horror

121 645 186 710 Pro
204 648 343 728 genitiS,
360 657 395 711 et
409 659 554 730 quantus
570 669 682 715 amor:
706 657 887 732 partusque
902 650 1006 714 tulisti

120 747 170 810 Tu
185 752 358 830 geminos:
381 751 456 814 haec
470 770 538 814 una
553 752 647 814 mihi.
693 751 749 814 Sic
766 752 852 813 crine
866 750 985 814 fruaris

122 847 260 931 Semper
277 849 471 932 Apollineo:
496 853 545 914 sic
560 871 612 914 me
625 852 751 914 felicior
767 871 877 914 arvum
1156 849 1223 915 310

122 949 231 1012 Mater
246 970 342 1032 agae.
388 951 507 1032 Largis
522 962 599 1014 tune
614 953 774 1016 imbribus
788 973 846 1015 ora
860 952 1063 1017 madescunt.

121 1051 226 1132 [Quid
241 1058 371 1115 tanturn
383 1059 433 1114 est
447 1053 581 1134 dignum
596 1055 680 1130 fleri,
695 1054 896 1136 dignumque
912 1055 1013 1117 taceri
1026 1052 1056 1131 l]

120 1250 152 1296 uit
164 1264 208 1297 nos
218 1251 319 1311 quodam
328 1250 436 1312 pignore,
451 1257 478 1299 tu
489 1251 590 1313 quidem,
602 1265 616 1298 ο
632 1251 734 1311 mono,
744 1264 910 1299 commemora:
921 1249 1008 1309 somn
1020 1250 1101 1299 Diona
1114 1248 1167 1299 filia
1180 1256 1224 1300 tua

119 1313 222 1372 conferto
238 1313 337 1361 esttibi
355 1322 499 1376 raptorem:
517 1315 647 1374 cognovisti
662 1316 718 1377 quid
734 1315 767 1361 ait
785 1314 952 1377 puerperium,·
968 1314 1019 1375 quia
1037 1314 1108 1362 timor
1128 1314 1162 1363 sit
1177 1329 1223 1377 pro

119 1378 206 1439 liberie,
226 1383 250 1425 et
262 1379 422 1440 quaiiaomor.
458 1380 493 1427 Tu
508 1379 614 1438 genuisti
625 1379 709 1426 liberor
724 1380 851 1440 gemetica:
876 1379 982 1426 lacuna
994 1379 1052 1426 mibi
1064 1384 1105 1426 ert
1117 1379 1224 1428 Proter-

120 1442 186 1502 pina.
227 1441 271 1489 Sic
291 1447 402 1504 perpetuo
419 1443 522 1504 potioria
537 1442 714 1506 pulchritudine
729 1443 864 1503 Apollinis:
886 1442 920 1489 eic
937 1449 965 1491 tu
985 1447 1060 1490 mater
1073 1441 1223 1501 fortunatior

119 1506 322 1554 truducaeeitnm.
359 1506 421 1553 lianc
431 1506 730 1566 culturimiguturmutllr
743 1507 858 1569 lucrymis.
894 1507 958 1562 Quid
978 1507 1055 1567 mugit
1073 1508 1221 1555 mereturtu·

119 1747 190 1794 Vati.
203 1752 231 1792 et
244 1743 276 1793 Α.
296 1744 361 1793 Cod.
374 1745 517 1794 Bartbolin.
541 1760 597 1808 quor
608 1745 668 1794 Vnt.
681 1759 720 1805 pr.
746 1759 838 1792 munere
849 1746 910 1793 Vnt.
924 1759 963 1807 pr.
978 1750 1006 1792 et
1021 1758 1072 1792 aee.
1084 1744 1148 1793 Cod.
1159 1745 1223 1793 Bar·

120 1810 209 1858 tholin.
222 1809 316 1869 sedere
327 1810 387 1858 Vat.
405 1807 437 1857 Α.
449 1811 512 1871 lleg.
523 1810 617 1858 Petnv.
630 1824 669 1870 pr.
682 1809 757 1857 Voss.
770 1822 810 1870 pr.
820 1808 871 1856 duo
881 1809 941 1858 Jun.
960 1809 1022 1857 Vnr.
1040 1809 1090 1856 LL.
1111 1824 1126 1857 e
1139 1823 1221 1871 marg.

120 1874 291 1922 Parnm-306
311 1874 346 1920 Tu
357 1875 440 1923 auttem
457 1873 518 1922 lun.
536 1888 589 1922 tec.
618 1878 680 1921 certe
694 1873 733 1920 vel
752 1874 835 1920 saltem
854 1875 915 1920 Vat.
927 1887 980 1921 sec.
999 1874 1072 1921 Voss.
1085 1877 1221 1922 see-8⁰7

118 1938 192 1985 taetri
203 1939 260 1998 quid
280 1938 355 1987 Voss.
367 1952 406 1999 pr.
434 1938 487 1998 quia
497 1940 581 1986 horror
600 1938 650 1985 inc.
663 1936 755 1985 Heius.
767 1938 829 1986 lun.
841 1951 891 1985 tec.
903 1938 978 1985 Vnst.
991 1951 1042 1984 aec.
1072 1938 1129 1998 quid
1139 1937 1223 1987 borror

120 2003 182 2064 Reg.
193 2001 289 2049 Petav.
301 2015 339 2063 pr.
357 2001 458 2049 Tholas.
478 2001 538 2052 Jnn.
549 2017 589 2064 pr.
609 2002 682 2049 Voss.
696 2015 734 2061 pr.
762 2002 819 2062 quid
831 2002 870 2048 vel
890 2001 942 2063 quia
960 2001 1020 2048 Vur.
1032 2002 1084 2048 LL.
1106 2015 1120 2048 e
1140 2015 1221 2064 marg,

119 2065 205 2113 Parni.
234 2068 348 2127 timorque
361 2066 401 2112 vel
422 2065 475 2126 quie
485 2079 550 2114 error
561 2064 651 2113 Ambr.
665 2068 808 2113 tert—309
824 2065 875 2111 brec
894 2080 942 2112 und
953 2063 1006 2122 suit
1026 2064 1115 2111 Arnbr.
1128 2071 1221 2112 tert.-

119 2132 164 2177 tto
181 2133 208 2175 tu
229 2144 276 2191 pro
296 2144 331 2176 me
350 2130 432 2176 chart.
449 2129 620 2178 Helua—311
638 2143 699 2177 nunc
718 2128 831 2176 imbribus
850 2129 940 2176 Ambr.
961 2131 1105 2175 tert—812
1129 2131 1221 2175 tantum

118 2194 214 2253 dignum
218 2193 279 2256 fleri
299 2195 414 2241 chartac.
433 2192 522 2241 Heius.
535 2199 562 2241 et
574 2194 622 2241 ine.
641 2192 720 2254 ejusd.
738 2193 803 2253 Reg.
820 2192 912 2240 Petav.
925 2206 963 2253 pr.
975 2191 1075 2239 Thalna
1087 2190 1104 2240 J
1108 2205 1149 2238 uu.
1167 2205 1221 2240 tec.

118 2258 252 2305 Vosasec.
263 2255 354 2305 Ambr.
366 2263 427 2306 tert.
439 2254 502 2305 Ald.
512 2256 555 2305 ed.
568 2257 655 2304 Parni.
669 2264 696 2304 et
707 2255 793 2304 Vicat.
811 2255 980 2317 fleridiguum
993 2253 1098 2303 ΜΛ.
1122 2254 1222 2314 dignum

119 2320 231 2383 prosterni
242 2320 347 2370 Tbolos.
366 2320 431 2375 Quid
442 2325 509 2371 tanto
520 2321 688 2384 mgnumjtetu
699 2320 774 2373 Vota,
787 2334 828 2383 pr.
861 2321 961 2369 Deerat
969 2319 1011 2368 hic
1024 2333 1111 2368 verane
1123 2319 1148 2367 in
1158 2318 1220 2369 lun.

614 2495 723 2546 NOTAE

118 2614 244 2666 dederitis
256 2631 301 2666 voe
313 2633 372 2667 enm
391 2633 442 2668 non
459 2633 516 2668 esre
534 2618 649 2668 detectu-
691 2617 699 2644 ‘
712 2615 797 2664 Curva
824 2613 997 2678 gemelliparae
1025 2613 1124 2676 spinula
1152 2611 1221 2663 ferre

120 2704 167 2738 ros.
571 2718 573 2720 v
691 2690 774 2740 Dea!

149 2770 198 2814 aod
227 2765 332 2828 Latona]
360 2768 449 2816 Mater
471 2767 600 2831 Apollinis
622 2773 650 2816 et
724 2763 923 2824 Hucunomibi]
950 2763 1015 2810 Filia
1026 2779 1058 2817 ex
1069 2763 1136 2813 Jove
1156 2763 1222 2812 acili-

119 2840 223 2903 Dianae,
232 2856 297 2903 quos
309 2857 340 2889 ex
352 2842 420 2891 Jove
433 2845 558 2905 suscepit.
691 2848 743 2900 eet,
764 2840 849 2902 major
860 2839 919 2886 ideo
932 2852 1009 2886 amor.
1035 2837 1108 2885 Alios
1127 2838 1220 2886 liberos

124 2946 126 2951 ‹
149 2921 197 2966 307
218 2918 442 2981 QuidaitLucino]
469 2919 525 2968 Scis
542 2924 651 2981 quantus
690 2914 901 2976 Ceressuscepit,
912 2914 958 2962 sed
970 2928 1019 2961 non
1029 2928 1061 2961 ex
1072 2914 1150 2963 Jove.

120 2992 240 3040 sitdolor
259 2993 285 3039 in
303 2993 436 3055 pariendo.
470 2995 568 3042 Lucina
586 3007 651 3055 prae·
702 2990 807 3052 =Crine]
834 2992 895 3039 visa
916 2989 1115 3052 pulchritudine,
1129 2990 1222 3051 juveu-

119 3068 185 3116 tidet
197 3069 353 3131 puerperiis,
363 3076 390 3117 et
401 3068 650 3118 irrvocatnrafoenri·
690 3073 747 3117 tute
764 3068 809 3116 filii
828 3068 974 3130 Apollinis:
994 3067 1054 3129 quia
1071 3081 1174 3130 temper
1185 3066 1221 3115 Α·

118 3142 378 3205 nisparturientibue.
404 3146 526 3196 Lucinam
542 3145 585 3196 alii
602 3146 650 3192 Lu·
689 3144 759 3204 pollo
772 3143 884 3204 juvenis,
904 3150 931 3189 et
943 3142 1001 3189 ideo
1013 3143 1126 3192 intonsus
1138 3143 1221 3206 pingi-

118 3232 175 3266 nem
198 3218 329 3280 dixerunt,
348 3235 398 3284 qua
419 3221 494 3283 plena
514 3218 616 3272 facilius
635 3234 650 3267 a
691 3225 747 3266 tur:
766 3217 844 3280 idque
860 3215 889 3265 tit
902 3217 934 3264 ob
951 3217 1037 3273 radios
1049 3217 1143 3276 solares
1155 3234 1221 3269 sem-

119 3301 195 3356 partu
216 3294 360 3343 liberantur
381 3295 509 3345 mulieres.
553 3295 651 3352 Lucina
690 3293 853 3356 pernitidoe.

120 3368 225 3432 dicitur,
235 3369 304 3433 qnod
316 3371 400 3418 lucem
413 3372 537 3434 praebeat.
563 3368 650 3419 Graeci
722 3374 769 3418 ³10
780 3369 832 3434 Sic]
849 3369 1003 3431 Optantium
1014 3370 1141 3433 particula
1153 3371 1221 3420 Poli-

120 3454 213 3494 vocant
228 3443 360 3508 εἶλείθυιαν,
372 3445 418 3493 ἀπὸ
428 3447 472 3494 τοῦ
487 3444 598 3508 incitem,
613 3460 650 3493 ue·
690 3445 723 3495 tie
734 3443 877 3493 familiaria.
899 3447 906 3471 ‘
918 3445 1068 3493 Extremum
1079 3446 1145 3495 hune
1157 3445 1222 3496 Are·

118 3521 177 3582 nire,
195 3535 255 3568 narn
270 3521 343 3569 venit
363 3536 438 3584 opem
461 3523 546 3570 latura
564 3527 650 3584 partu·
689 3521 764 3569 thura
775 3520 837 3575 milri
845 3520 960 3569 concede
968 3521 1092 3581 laborem,
1101 3520 1145 3569 Sic
1156 3521 1221 3584 tibi,’

118 3595 260 3643 rientibns:
288 3596 355 3644 hanc
378 3603 405 3645 et
424 3595 561 3644 Dictomno
581 3609 651 3644 coro,
689 3601 737 3646 &a
771 3597 829 3645 Hoc
846 3604 896 3659 est,
914 3597 1034 3646 bocmihi
1051 3599 1174 3660 concede,
1195 3603 1223 3646 et
1249 3620 1258 3633 ‹-

120 3677 192 3731 nont,
211 3671 292 3719 berba
308 3672 439 3734 Cretensi,
457 3687 515 3736 quae
531 3671 651 3735 parienti·
691 3673 713 3730 ai
725 3672 864 3735 concedas,
885 3674 921 3721 sic
934 3673 982 3722 tibi
1002 3674 1087 3721 omnio
1107 3673 1222 3734 faveant,

120 3745 167 3794 but
177 3746 300 3809 prodesse
310 3746 415 3796 dicitur.
690 3747 830 3796 arrideant.

151 3826 201 3870 309
220 3822 382 3884 lbgcmincs]
413 3822 446 3870 In
466 3823 555 3886 quibua
572 3822 650 3882 nosti,
723 3822 1011 3885 blithergieimbribue]
1030 3824 1221 3882 Lacrymarum.

121 3902 244 3960 quantum
255 3899 363 3946 timeant
372 3898 651 3960 liberismatres,quan·
723 3894 780 3948 312Ι
790 3900 855 3954 Quid
866 3904 957 3947 tautum
969 3904 1003 3947 ert
1020 3899 1119 3957 dignum
1136 3899 1222 3962 tuceta]

122 3978 227 4035 tumque
239 3986 284 4020 eos
295 3980 391 4022 ament.
424 3974 651 4034 Latonadictage·
691 3976 760 4027 Quid
780 3983 880 4024 tuntum
900 3982 1015 4024 meretur
1034 3973 1134 4024 taceri?
1157 3974 1222 4024 indi-

122 4048 252 4110 taetlipora,
263 4048 332 4112 quod
344 4048 455 4097 ediderit
466 4051 599 4112 gemellos,
610 4049 651 4097 vel
690 4057 749 4100 cute
761 4059 898 4114 raptorem.

122 4121 148 4173 in
157 4123 317 4188 Lyciatelin
329 4124 398 4173 Delo
408 4124 499 4173 insula.
524 4123 633 4176 Ovidius
643 4140 649 4174 ε
