2700 4702
568 283 766 333 attitulati.

121 432 279 512 Girraeus,
294 430 353 515 qui
366 434 464 495 vasta
477 429 557 494 colit
570 430 632 494 sub
647 430 787 513 rupibus
801 432 907 506 nubs,

120 533 185 613 Qui
198 552 309 598 ramos
322 531 430 609 ebeni,
443 532 501 613 qui
515 530 629 594 dentes
642 531 734 594 vellit
748 531 907 609 eburnos;

121 637 160 701 Et
172 655 253 718 gens
266 633 460 714 compositis
473 633 594 696 crinem
608 632 733 696 vallata
746 632 886 712 sagittis.

120 737 192 802 Nec
207 755 286 800 vero
298 735 426 799 similes
442 753 567 798 causas
582 734 808 799 crescentibus
822 731 935 809 undis,

120 836 188 903 Aut
202 842 331 920 tempus
345 836 475 899 meruit.
520 835 639 900 Glacie
652 854 719 899 non
735 835 791 898 illc
807 834 930 910 solutu,
952 850 957 855 ·

121 939 192 1004 Nec
208 936 409 1001 circumfuso
424 936 575 1018 scopulis
589 937 749 1001 exuberat
762 935 879 999 imbre.

121 1117 195 1180 irim,
206 1122 230 1166 et
249 1118 363 1182 Gynhoei
379 1117 531 1168 debellatores
544 1118 664 1181 summ,
682 1120 722 1183 qai
732 1118 840 1168 hobitum
850 1131 961 1167 essenos
972 1116 1084 1167 hm
1093 1115 1135 1167 sab
1145 1117 1222 1182 esdr,

119 1183 156 1258 qui
165 1183 270 1259 sscitant
280 1197 358 1258 russos
367 1182 441 1259 chesi,
457 1189 481 1232 et
490 1185 572 1233 tientes
582 1184 780 1259 elephantorum
791 1183 910 1258 eburneos,
928 1186 952 1230 et
968 1182 1067 1257 popalus
1076 1181 1174 1232 habeus
1184 1197 1223 1233 cs·

118 1247 186 1308 pillos
195 1251 286 1295 msctss
295 1251 394 1322 sagittis
401 1255 462 1310 apte
471 1251 660 1324 recommoolstss.
694 1248 778 1323 Nepae
788 1262 843 1295 cem
853 1247 1120 1322 erusprsnsrttsssst
1131 1247 1224 1324 esde·

554 1412 564 1441 ἲ

580 1499 759 1521 nocumento

119 1582 161 1633 et‘
173 1580 275 1633 effrena
285 1583 374 1634 libido‘
394 1599 420 1649 p.
440 1588 480 1635 rt.
498 1583 577 1635 Ouid.
597 1584 629 1634 ‹le
639 1586 733 1648 Tereo,
749 1587 757 1614 ‘
768 1583 859 1635 effreni
871 1589 963 1648 eaptus
974 1584 1081 1647 amore,'
1097 1590 1128 1635 ut
1139 1584 1223 1636 citant

118 1647 215 1712 antiqui
226 1648 406 1698 Grammatici.
427 1650 506 1712 vulgo
523 1649 636 1712 inopino!
661 1650 780 1698 Dsrumos
798 1649 962 1698 Buslid.—hl
983 1650 1085 1698 Girress
1104 1649 1221 1700 Floreat

118 1712 169 1761 inc.
182 1712 276 1761 Heius.
287 1713 378 1762 Peter.
390 1728 430 1776 pr.
441 1715 542 1764 Bonan.
561 1713 651 1762 Ambr.
672 1726 712 1775 pr.
733 1715 798 1762 Exc.
812 1714 936 1762 Patres.
965 1714 1068 1761 Cis-ross
1087 1713 1143 1762 Pal.
1170 1713 1225 1761 Gis·

117 1776 232 1825 roardum
242 1777 316 1825 Med.
347 1777 454 1840 Gyrrerrs
471 1780 533 1827 Vst.
556 1793 598 1840 pr.
627 1777 730 1825 Glaucus
747 1779 842 1826 Moret.
855 1792 895 1840 pr.
925 1777 1034 1840 Gyareus
1044 1774 1223 1827 Obelllafn.

117 1839 348 1890 Vst.Liviu.Var.
361 1841 630 1906 lahemargfflarm.
660 1841 770 1890 Genesar
779 1842 931 1891 Petausec.
958 1841 1064 1904 Cyame
1074 1840 1224 1891 RcttExc.

118 1904 230 1953 Lucens.
239 1918 279 1966 pr.
310 1903 415 1955 Giaretrs
435 1907 495 1955 Vst„
518 1920 572 1956 sec.
590 1906 654 1954 Put.
673 1904 762 1954 Ambe.
783 1912 845 1955 tert.
863 1904 963 1954 Buslid.
984 1905 1069 1954 Osco.
1090 1918 1142 1954 sec.
1158 1904 1225 1955 Ccd.

117 1967 210 2031 Epigr.
231 1967 322 2019 Ambr.
336 1970 399 2018 Ver.
416 1969 468 2018 LL.
480 1969 521 2018 ed.
534 1968 613 2020 Antv.
643 1969 744 2018 Getuies
754 1969 830 2020 Med.
848 1984 901 2018 seo.
923 1968 974 2017 vid.
986 1969 1088 2018 claren
1101 1968 1223 2020 Coronid.

117 2033 197 2080 Misc.
209 2047 269 2094 cap.
281 2035 407 2082 xivf-hh
422 2035 504 2083 dentes
514 2037 555 2098 qui
567 2039 621 2082 tres
633 2034 707 2082 Vatt.
719 2033 777 2082 Pal.
789 2033 840 2083 duo
850 2033 923 2083 Med.
933 2033 983 2081 inc.
994 2032 1085 2086 Heius.
1097 2033 1160 2082 Put.
1172 2033 1225 2083 duo

117 2096 215 2146 Peter.
235 2098 335 2145 Bonan.
356 2096 408 2146 duo
424 2096 516 2147 Ambr.
535 2098 632 2147 Mutet
652 2111 692 2160 pr.
711 2096 797 2146 Oxou.
809 2111 862 2146 sec.
874 2095 973 2145 Buslid.
984 2096 1047 2144 Vst.
1059 2096 1146 2145 Lirin.
1158 2096 1224 2146 Ccd.

117 2160 211 2235 Epigr.
229 2158 320 2209 Ambr.
340 2161 406 2210 Ere.
428 2162 538 2211 Lucens.
557 2177 597 2226 pr.
617 2162 681 2210 Var.
704 2161 757 2210 LL.
773 2175 789 2210 e
803 2174 882 2236 marg.
899 2159 989 2208 Parm.
1016 2158 1078 2208 neiat
1089 2160 1151 2209 Vst.
1163 2165 1226 2211 tert.

118 2223 204 2287 Orsel.
217 2225 331 2273 Floreut.
344 2224 417 2274 Med.
426 2230 543 2275 sec-28
560 2226 650 2275 crimes
660 2225 733 2274 Med.
744 2239 797 2274 sec.
823 2225 927 2286 religato
947 2222 1047 2272 Buslid.
1076 2224 1154 2272 seluto
1163 2224 1226 2275 Vst.

117 2298 160 2350 pr.
172 2295 201 2337 et
210 2295 273 2337 tert.
285 2286 366 2337 Hafn.
378 2288 435 2338 Pal.
447 2289 519 2340 Rott.
531 2289 613 2339 Oisel.
640 2291 726 2338 celim
746 2289 811 2338 Exc.
833 2289 894 2338 Pat.
915 2302 970 2337 rec.
996 2287 1083 2336 edicta
1099 2288 1225 2339 Vatsec.

115 2355 183 2401 -24
198 2367 304 2416 oeccpro
315 2367 369 2401 vers
381 2353 538 2403 Peirossos.
554 2353 629 2403 simili
639 2352 703 2403 Coti.
712 2349 901 2417 Epignllmbr.
927 2351 1014 2401 smilis
1030 2367 1111 2402 casm
1123 2351 1225 2402 Buslid.

118 2415 217 2465 Moret.
230 2430 269 2479 pr.
281 2416 367 2466 Oxou.
382 2431 434 2468 sec.
445 2416 540 2466 Petsv.
551 2432 591 2481 pr.
602 2419 667 2467 Exc.
676 2418 787 2467 lucem.
796 2432 835 2481 pr.
862 2416 951 2466 Siculis
968 2414 1041 2466 Med.
1063 2431 1117 2466 sec.
1140 2417 1227 2466 mito

117 2479 181 2530 Vat.
195 2495 247 2530 sec.
273 2496 356 2530 samso
378 2481 429 2531 inc.
452 2482 544 2530 Heius.
568 2482 640 2532 Med.
662 2485 780 2532 sec-hb
797 2483 849 2532 Ast
860 2483 922 2530 Vnt.
942 2495 996 2529 sec.
1010 2480 1082 2529 Med.
1100 2481 1227 2532 sec.Put.
1297 2539 1301 2546 y

118 2537 171 2594 duo
190 2544 284 2593 Petsv.
297 2544 387 2594 Amhr.
399 2552 461 2596 tert.
475 2546 562 2596 Oxou.
575 2560 627 2595 see.
637 2547 736 2595 Buslid.
754 2545 818 2595 Coti.
835 2545 926 2609 Epigr.
938 2544 1029 2595 Amhr.
1041 2545 1107 2594 Ere.
1119 2546 1228 2596 Lucem.

119 2622 161 2670 pr.
171 2609 236 2656 Var.
248 2610 300 2658 LL.
313 2625 328 2656 e
339 2624 421 2670 marg.
433 2610 521 2659 Patro.
533 2615 561 2659 et
569 2611 611 2660 ed.
623 2608 701 2660 Autv.
722 2611 756 2659 Ut
767 2611 827 2658 Vat.
836 2624 877 2673 pr.
889 2616 918 2658 et
929 2615 990 2658 tert.
1001 2609 1057 2658 Pal.
1067 2610 1140 2658 Rott.
1163 2623 1229 2658 sam·

119 2672 388 2734 wantsumu-26
405 2674 462 2724 Nos
471 2675 572 2724 Boslid.
590 2676 645 2724 Nos
652 2672 792 2733 circumeo
799 2675 860 2724 Vst.
872 2673 1024 2723 sec.Petav.
1035 2687 1075 2736 pr.
1092 2672 1228 2722 circumc

622 2801 729 2854 Nom

152 2919 185 2966 23
199 2915 296 2964 crinem
304 2915 394 2965 mileto
401 2915 510 2981 sagittis]
525 2913 654 2980 iutelligit
694 2913 769 2963 nibus
786 2911 892 2976 hujusce
908 2910 1022 2976 regionis
1037 2910 1230 2963 exundantibus

120 2997 167 3042 aot
184 2991 329 3053 Nubisnos,
348 2997 395 3040 aut
415 2990 521 3040 Metuis
546 2990 653 3053 incolas,
695 2992 868 3052 extumescat,
885 2988 976 3038 mirum
993 2995 1065 3038 certs
1082 3002 1132 3038 nou
1147 2992 1195 3052 est,
1207 2988 1229 3038 si

121 3067 165 3133 qni
174 3068 260 3116 crines
269 3082 329 3116 suos
342 3067 427 3130 parvis
438 3067 540 3130 sagittis
551 3082 655 3130 compo-
696 3071 755 3129 post
766 3071 908 3128 peragrata
929 3065 987 3126 plns
1000 3079 1076 3128 quam
1094 3062 1231 3128 octoginta

118 3142 177 3192 sitis
203 3149 232 3192 et
250 3144 358 3192 solerter
381 3142 581 3193 accommodatis
610 3142 655 3192 im·
695 3141 822 3205 utillisria,
832 3141 904 3205 aquis
916 3140 953 3190 ita
965 3147 1079 3204 turgeat,
1090 3146 1119 3190 ut
1130 3154 1178 3204 per
1190 3146 1231 3191 to·

120 3220 196 3283 plere
209 3219 333 3268 solebant.
697 3224 749 3267 tam
776 3218 917 3281 AEgyptum
942 3216 1071 3280 copiosius
1099 3217 1230 3281 latiasque

153 3298 187 3344 at
204 3295 302 3344 Similes
320 3309 402 3344 cresso
413 3294 656 3359 sementinam,
695 3302 816 3358 stagnare
828 3293 957 3343 videatur.
989 3293 1021 3342 Id
1030 3293 1135 3359 quidem
1147 3293 1233 3358 suspi-

119 3369 278 3433 ssttmpas]
303 3370 364 3419 Nou
383 3370 474 3419 eadem
492 3384 579 3433 causa,
603 3385 655 3420 non
696 3369 751 3419 cari
762 3370 881 3418 Lucanos
897 3369 965 3417 risos
984 3376 1035 3429 est,
1052 3368 1111 3417 dum
1124 3368 1180 3417 haec
1192 3367 1232 3417 alt

120 3445 193 3495 idem
202 3452 304 3509 tempus
316 3445 491 3495 inundationis
503 3445 567 3508 Nili,
575 3461 605 3495 ac
615 3460 656 3495 ce·
695 3445 728 3493 de
747 3443 826 3494 Nilo:
848 3441 918 3493 ‘Jos
936 3443 984 3491 tibi
1001 3443 1124 3493 solstitiis
1144 3442 1232 3492 aliens

120 3527 239 3572 terarum
250 3520 396 3571 fluviorum.
430 3522 536 3584 Quippe
548 3521 592 3570 alii
604 3536 657 3571 am·
697 3533 814 3569 crescere
822 3518 921 3581 bruma,
927 3518 1016 3583 Atque
1025 3519 1128 3582 hyemes
1136 3516 1231 3567 afferre

116 3611 169 3647 mes
179 3596 315 3646 exundant
325 3597 359 3646 cb
370 3597 481 3660 pluvias,
492 3604 520 3646 et
535 3611 582 3660 per
594 3603 657 3646 tem·
697 3593 774 3644 tuas!
813 3596 963 3656 Nugantur‚
981 3594 1025 3658 qui
1046 3593 1101 3644 Nili
1123 3592 1231 3642 inundo·

120 3688 173 3740 pus
191 3674 306 3737 hyemis:
331 3680 421 3723 contra
439 3674 515 3723 Nilus
538 3680 657 3737 tempore
697 3672 782 3721 tiones
801 3670 927 3732 coerceri,
946 3676 973 3718 et
991 3670 1080 3718 Nilum
1099 3668 1183 3730 ipsum
1202 3667 1231 3719 in

120 3751 288 3813 testiumque
308 3763 372 3798 rsroe
390 3755 451 3797 sttut
465 3748 569 3811 pluviae.
604 3748 657 3800 Qut
696 3763 766 3797 mare
777 3748 894 3797 Rubrum
903 3747 986 3796 averti
997 3759 1073 3809 posse
1088 3743 1233 3806 jactitante

119 3833 287 3877 tamensem
313 3825 419 3888 propius
444 3824 657 3889 considerabunt,
696 3831 826 3888 nugantur
837 3837 940 3888 quoque
952 3822 996 3886 qui
1005 3821 1117 3881 Oceani,
1128 3834 1176 3883 per
1187 3834 1231 3872 es·
1332 3840 1338 3846 “

120 3903 192 3953 hanc
204 3902 259 3951 Nili
280 3900 453 3957 inundationis
470 3915 573 3950 causam
585 3901 658 3950 iuve-
697 3909 745 3965 put
756 3900 906 3962 Bone-spei
918 3905 945 3948 et
964 3897 1113 3945 subterreos
1128 3904 1230 3949 mestos

121 3978 206 4028 misnt.
230 3977 360 4028 Nimirum
368 3976 657 4038 Junii,.lulii‚etaesta-
698 3980 829 4040 irruentis,
841 3977 944 4024 aesbbus
956 3977 1040 4023 laeum
1050 3973 1193 4026 Dsmbestn
1204 3983 1233 4029 et

121 4054 159 4104 tis
180 4061 275 4103 nostrae
294 4052 462 4115 temporibus,
476 4053 563 4115 hyems
582 4052 658 4103 sevit
699 4054 787 4104 Nilum
799 4051 888 4114 augeri
899 4050 1043 4114 agitarique
1054 4048 1187 4103 effutiunt.

122 4130 152 4180 in
162 4129 304 4194 AEthiopia,
314 4133 343 4178 et
352 4141 412 4178 eum
420 4127 497 4178 Nilus
507 4125 593 4179 fluviis
604 4142 657 4177 om·
730 4132 763 4182 ab
795 4125 931 4190 Εεκὸπαί]
963 4126 1101 4179 Clttrerius
1127 4141 1233 4180 causam
