2700 4702
354 307 404 356 ou
428 307 562 356 usuurr
586 306 724 356 runnu.
747 307 854 359 coss.
977 311 980 315 ·
1067 288 1154 361 utro

90 448 588 517 otGrodorfotiJiiumurasPotesrates
625 456 736 500 veteres.
757 449 827 500 Vide
838 457 926 500 tamen
936 464 993 517 qua
1003 451 1084 515 panio
1092 460 1155 503 sote
1255 466 1264 485 ··

58 535 88 576 et
99 526 271 590 Magirmams
282 527 404 576 Romanis
415 526 507 577 fatales
519 527 589 578 bsbi-
626 526 659 575 ad
671 540 711 576 vs.
720 530 760 575 tt.
776 526 941 590 provulgata
949 525 1080 591 scriptura
1090 525 1155 578 nist:

57 609 109 665 tos,
120 603 183 652 aiibi
191 603 342 652 monuimus.
371 604 435 652 Fato
445 605 482 652 uio
494 617 540 667 pro
552 602 590 666 ip-
625 615 689 650 mus.
705 601 740 650 D.
750 601 838 650 Heius.

57 679 94 727 sis
106 678 277 742 dignitatibus
294 686 340 726 sut
358 678 494 728 honoribus
511 692 589 742 poue·
656 681 688 725 66
716 677 822 740 Litiius]
855 676 1009 728 Forensibus
1033 679 1155 744 mgotiiu.

56 753 163 817 bantur,
185 760 215 803 ut
236 762 393 804 commutare
415 768 502 804 eorum
526 756 589 804 Puta
625 752 713 803 Barth.

53 830 230 896 perhibentur
247 831 394 895 Principes,
413 846 477 895 quos
495 832 522 880 iu
539 845 590 880 ure·
657 829 748 877 const
759 829 1156 895 curomimpossitpoprsiis,ntrtotis

56 909 108 957 iius
119 908 232 972 erigunt.
266 908 363 958 Gradus
374 916 459 958 autem
468 909 589 958 interval-
625 903 716 967 Mutis]
731 904 775 953 Sic
794 910 823 953 et
839 905 939 968 scripti.
958 906 1047 956 malim
1065 906 1156 967 rdhiio·

57 987 94 1046 ia,
105 984 138 1033 de
159 985 299 1034 minoribus
318 986 351 1034 ad
371 987 490 1050 majores,
500 985 590 1050 picris·
624 980 718 1041 minut,
728 981 851 1044 impendii·
868 982 904 1031 D·
915 981 1008 1032 Heius·

57 1059 369 1126 querebnsadscribuut.
386 1063 477 1112 Barth.
673 1057 777 1119 Imperii
799 1057 904 1121 populis]
944 1059 1029 1122 Leges
1060 1072 1155 1125 nempe

83 1135 179 1184 'Mutis
195 1136 274 1199 mis]
302 1136 386 1185 Iussit
401 1137 468 1186 atter
484 1137 589 1190 Mureti,
625 1131 890 1184 suisoracuIisvelot.
921 1134 1156 1200 Virgil.(ieor3.r.

57 1211 188 1276 quomodo
199 1224 237 1262 vr.
250 1214 327 1263 Cous.
339 1213 410 1261 Hou.
427 1214 522 1278 ‘quem
538 1226 590 1263 uon
624 1207 689 1257 ‘has
705 1211 786 1272 leges,
803 1217 952 1276 reteruaque
966 1210 1066 1262 sudare
1075 1211 1156 1262 certis

57 1285 146 1335 atiena
156 1299 205 1349 per
215 1299 277 1334 arra
288 1285 377 1336 Induit
388 1287 480 1350 hospes
490 1287 590 1339 honor.'
626 1283 753 1348 imposuit
762 1288 864 1338 Natura
875 1286 960 1338 iocis!

57 1361 329 1425 piumdchocverbo
340 1362 372 1412 ad
390 1365 407 1412 i.
418 1376 451 1413 rr.
467 1363 500 1413 de
513 1365 590 1430 Ropt.
659 1363 816 1427 OtioMssir]
834 1363 1155 1427 Otium,studiucurarum

57 1438 304 1489 rettulistis.
625 1436 763 1503 fugientia,
789 1454 883 1503 expers
910 1440 967 1490 vita
992 1441 1156 1491 tomuituuur

91 1516 122 1562 ol
141 1515 307 1578 Partaquies]
331 1515 396 1564 Post
413 1514 547 1566 diuturnos
555 1517 589 1566 ia·
625 1512 715 1565 amr.

57 1588 136 1640 bores
146 1591 297 1654 gratissima
330 1590 486 1641 Claudianus
506 1606 590 1641 seces·
656 1594 690 1639 or
715 1592 833 1654 Cecropia
851 1547 960 1657 senecta]
983 1590 1157 1656 Antiquitstts

57 1681 113 1715 sum
132 1667 275 1716 studiorum
295 1667 380 1730 gratia
395 1667 488 1715 Mauiii
509 1668 589 1731 ioqui·
626 1667 797 1718 Graeoanicae.
832 1668 914 1718 Senes
926 1673 987 1717 sunt
998 1667 1157 1731 Philosophi,

57 1749 117 1805 tur3
133 1743 227 1808 quibus
244 1744 369 1807 optimum
384 1743 467 1791 virum
487 1743 524 1792 ita
543 1743 589 1791 im·
625 1743 808 1792 auctoritatem
848 1744 983 1808 sapientias
1020 1743 1158 1794 habentes.

56 1832 171 1867 mersum
183 1818 270 1880 fuisse,
281 1831 310 1868 ut
321 1833 406 1868 rerum
418 1819 588 1869 communium
625 1818 701 1868 idem.
1222 1882 1225 1885 Δ

56 1906 147 1942 curaru
158 1895 230 1943 uelut
240 1909 340 1944 omnem
350 1895 483 1958 objecerit.
500 1896 589 1945 Burtb.
659 1894 746 1943 onusta
760 1894 892 1959 Cecropio]
909 1894 962 1945 Hic
973 1893 1157 1947 docctnrhiti·

90 1973 124 2019 on
143 1969 278 2032 Pmommu]
305 1969 349 2021 Ab
368 1971 589 2021 administratione
626 1968 1158 2034 iiumfuisseplussatiscuriosumindis·

57 2045 221 2109 publicorum
245 2045 397 2109 officiorum,
416 2049 517 2110 priuato
537 2048 590 2097 ritu
625 2046 775 2108 ceptatioue
787 2047 972 2110 philosophica.
990 2048 1086 2097 curer.

56 2121 131 2171 reiut
143 2121 168 2170 iu
181 2129 283 2186 portum
294 2123 407 2185 renitet
417 2124 590 2188 tranquillitas
640 2122 690 2173 ,68
715 2119 852 2171 Discutierrs
871 2123 932 2185 quod
949 2121 1044 2184 quisque
1060 2122 1157 2187 mera]

57 2203 190 2246 consetur.
223 2197 304 2249 Quies
315 2204 401 2248 auteur
413 2200 521 2262 quuusita
532 2213 590 2248 eru·
627 2192 693 2247 Quia
703 2195 778 2258 prim.
790 2195 910 2248 Vaticau.
920 2196 1015 2263 aliique
1032 2197 1156 2246 nonnulii.

58 2272 116 2325 dito
135 2273 191 2321 viro
208 2273 241 2321 ad
258 2274 483 2324 commentandum
499 2289 590 2338 specu·
627 2267 715 2330 F⁰¹¹0s
725 2272 785 2333 imi
795 2272 889 2335 Μ’
899 2273 962 2322 Μ·
978 2270 1020 2322 θ·
1032 2269 1123 2320 Heini-

56 2345 223 2410 laudumque.
660 2344 832 2410 Qnidqeirpue
847 2347 944 2410 mouns]
968 2347 1055 2398 Aures
1071 2347 1160 2399 Phiio-

91 2421 203 2484 Portrsssr]
227 2422 332 2471 certam
351 2420 481 2484 fidamque
500 2422 590 2472 statio-
626 2420 738 2483 sophica
757 2437 883 2471 uovorum
895 2425 1069 2473 doctrinarum
1087 2423 1159 2488 onpi·

56 2511 130 2560 nem,
138 2503 221 2548 tutans
230 2497 264 2546 ab
272 2499 390 2547 omnibus
399 2498 480 2547 turbio
490 2505 517 2548 et
526 2507 590 2549 teur-
627 2495 677 2544 due.
695 2497 784 2547 Barth.

56 2573 212 2637 pestatibus.
228 2572 317 2622 Barth.
659 2575 692 2620 69
704 2573 853 2637 Quantoque]
871 2573 943 2626 Quot
953 2573 1097 2637 agminibus
1107 2572 1158 2623 siu-

92 2652 124 2697 aa
137 2648 233 2709 Ingenii
241 2648 444 2712 redeuutflstctos]
460 2649 592 2710 Nonfrrse·
627 2648 693 2709 gulae
705 2654 784 2697 sectae
795 2651 932 2713 stipentur.
949 2650 1010 2699 Non
1021 2649 1089 2698 enim
1098 2663 1158 2700 ano·

57 2730 106 2787 tru,
124 2731 186 2774 octo
205 2725 304 2787 scripti.
321 2731 411 2786 portos
432 2726 509 2789 puoto
530 2732 591 2774 unte
627 2727 699 2770 tores
721 2728 821 2771 tantum
850 2731 979 2773 sectarum
1001 2724 1157 2788 siuguiaruur

58 2799 222 2860 meminerat.
239 2800 355 2863 persistit
371 2800 398 2848 iu
409 2814 440 2849 ea
451 2799 590 2849 locutione.
627 2812 685 2846 suus
702 2798 831 2848 habebant
848 2801 967 2862 asseclas,
979 2799 1025 2850 sed
1037 2797 1158 2864 discipou

52 2876 151 2935 metm
171 2877 213 2925 vei
225 2875 318 2939 flnctus
334 2876 409 2941 prim.
427 2875 515 2924 Vatic.
553 2876 591 2927 D.
628 2887 730 2936 quoque
748 2873 795 2923 sub
811 2874 960 2926 doctoribus
979 2878 1059 2938 velut,
1078 2884 1157 2941 atque

58 2952 148 3002 Hm,
627 2949 836 2999 eminentioribus
857 2950 918 3000 iude
940 2948 1158 3014 adhaerentem&

90 3025 302 3090 Alis'pnoiobores]
323 3026 591 3076 inesthoicoiiioou·
626 3039 678 3074 una
700 3033 770 3074 secta
792 3025 896 3075 diuersa
917 3027 1021 3090 agmina
1037 3027 1158 3077 conhcie·

58 3109 157 3151 temtus
169 3103 273 3166 quidam
282 3104 399 3151 occuitus
409 3107 437 3150 et
448 3102 592 3164 ingeniosus
627 3100 701 3150 bant.
733 3101 823 3151 Donec
834 3116 864 3150 eo
874 3117 917 3151 res
927 3103 1046 3163 redierit,
1057 3110 1088 3152 ut
1098 3102 1159 3153 Phi·

58 3177 174 3240 priorum
187 3179 313 3228 laborum.
330 3179 418 3227 Barth.
627 3177 1023 3240 ionophiamerusessettitrslus3
1040 3179 1159 3230 Heroum

90 3257 124 3303 bi
145 3253 433 3317 Vitreporsuniioperit]
457 3253 542 3302 Perire
553 3253 591 3302 di·
627 3258 744 3303 veterum
765 3255 875 3314 uomina,
896 3256 938 3319 qui
957 3255 1068 3305 familias
1087 3256 1159 3305 ruint

57 3328 104 3390 cit,
115 3343 174 3393 qua
186 3327 253 3377 maie
270 3328 445 3392 impendatur,
460 3334 490 3377 ut
501 3343 590 3391 parum
627 3326 760 3388 iecissent,
776 3344 849 3378 mera
863 3330 934 3393 voigi
949 3330 1072 3393 ludibria,
1085 3339 1113 3379 ut
1124 3341 1159 3380 ex

58 3403 121 3452 riter
128 3402 225 3452 habere
231 3402 392 3453 ambitiosum
399 3403 525 3452 homiuem
535 3418 590 3467 prus
628 3402 724 3465 Gellio,
735 3405 859 3465 Lucieno,
869 3406 978 3469 aliisque
988 3405 1077 3454 vidore
1087 3404 1159 3454 licet.

58 3479 158 3544 quieto.
628 3480 734 3540 Agrnirro
744 3494 808 3543 ergo
819 3482 885 3530 scite
897 3480 972 3529 dixit.

93 3555 272 3618 Quodcumque]
298 3556 459 3618 Quocunque
481 3553 591 3603 ratione.
661 3554 752 3618 Sedu]
768 3555 843 3604 Serto
854 3554 959 3604 familiae
972 3559 1033 3603 suut
1043 3554 1159 3602 Philoso-

59 3630 118 3680 Not
134 3631 288 3693 remumque
306 3629 339 3678 ad
353 3631 415 3679 vitae
434 3637 535 3694 partem
553 3645 592 3678 re·
629 3629 746 3693 phorum.
778 3630 932 3679 Sectaeuiur
949 3628 1066 3678 doctrina
1083 3642 1159 3693 quam

58 3704 189 3754 ducimus.
232 3705 420 3769 Quodcumque
443 3707 503 3755 vitae
521 3706 592 3770 judi·
629 3705 685 3769 quis
696 3706 861 3768 proposuerit
874 3705 1032 3769 sequendam
1044 3719 1099 3768 pror
1110 3719 1160 3754 crr-

58 3780 107 3830 ciis
118 3778 226 3828 demere
243 3786 338 3842 potest,
357 3780 484 3844 impendit
499 3781 591 3831 lituris.
629 3779 702 3829 teris.
720 3781 810 3830 Barth.

58 3855 151 3908 aaut.
661 3860 694 3905 tt)
714 3858 819 3920 Namque
831 3857 893 3920 sitis,
909 3855 962 3921 tre]
986 3855 1030 3906 Ne
1046 3854 1160 3918 singilla-

93 3931 260 3995 Qrsodrssrqrse
269 3931 357 3980 recedit
367 3931 471 3995 litibus,
480 3931 593 3982 innubit
630 3933 678 3982 tim
692 3947 802 3997 quaque
820 3947 955 3996 exponam,
970 3936 1116 3996 opponatur
1125 3945 1161 3982 ex

56 4009 156 4074 stadiis]
173 4010 251 4059 Forte
261 4008 423 4059 scribendum
432 4009 528 4061 recidit.
543 4009 592 4058 hoc
630 4008 796 4057 contentione
807 4009 880 4057 iocur
892 4008 933 4058 hic
951 4007 1083 4058 Ciceronis
1095 4007 1161 4059 Aoo·

56 4092 111 4150 ost,
129 4086 221 4138 demit.
244 4087 281 4135 sic
298 4086 384 4134 iut'rs:
408 4100 461 4150 qua
477 4100 536 4150 pars
555 4087 593 4135 iss-
631 4082 699 4132 dem.
710 4084 776 4133 i.rv.
788 4083 1161 4148 etSidou.Epithaiuur.Poio·

50 4160 234 4226 suturam.
250 4160 295 4209 ubi
313 4160 393 4209 etiam
408 4161 502 4211 meiat
518 4159 594 4211 uruiti
630 4157 983 4213 marthoronensem

125 4240 246 4307 Denter
260 4237 318 4292 Ver.
327 4241 392 4294 Ginr.
574 4240 661 4292 ΟΝ.
1042 4237 1097 4289 dx
