<?xml version="1.0" encoding="UTF-8"?>
<!DOCTYPE html PUBLIC "-//W3C//DTD XHTML 1.0 Transitional//EN"
    "http://www.w3.org/TR/xhtml1/DTD/xhtml1-transitional.dtd">
<html xmlns="http://www.w3.org/1999/xhtml" xml:lang="en" lang="en">
 <head>
  <title>
</title>
<meta http-equiv="Content-Type" content="text/html;charset=utf-8" />
  <meta name='ocr-system' content='tesseract 3.04.00' />
  <meta name='ocr-capabilities' content='ocr_page ocr_carea ocr_par ocr_line ocrx_word'/>
</head>
<body>
  <div class='ocr_page' id='page_1' title='image "./claudiiclaudian01claugoog_0370.png"; bbox 0 0 2700 4702; ppageno 0'>
   <div class='ocr_carea' id='block_1_1' title="bbox 423 285 1214 354">
    <p class='ocr_par' dir='ltr' id='par_1_1' title="bbox 423 285 1214 354">
     <span class='ocr_line' id='line_1_1' title="bbox 423 285 1214 354; baseline 0.005 -5"><span class='ocrx_word' id='word_1_1' title='bbox 423 342 426 349; x_wconf 89' lang='lat'><strong>.</strong></span> <span class='ocrx_word' id='word_1_2' title='bbox 458 298 508 347; x_wconf 85' lang='lat' dir='ltr'><strong>nn</strong></span> <span class='ocrx_word' id='word_1_3' title='bbox 531 297 582 346; x_wconf 82' lang='grc' dir='ltr'><strong>ιν.</strong></span> <span class='ocrx_word' id='word_1_4' title='bbox 604 295 710 347; x_wconf 74' lang='lat' dir='ltr'><strong>cour.</strong></span> <span class='ocrx_word' id='word_1_5' title='bbox 731 299 874 353; x_wconf 71' lang='lat' dir='ltr'><strong>nouom.</strong></span> <span class='ocrx_word' id='word_1_6' title='bbox 989 292 993 299; x_wconf 85' lang='lat'>&#39;</span> <span class='ocrx_word' id='word_1_7' title='bbox 1128 285 1214 354; x_wconf 80' lang='grc'><strong>1341</strong></span> 
     </span>
    </p>
   </div>
   <div class='ocr_carea' id='block_1_2' title="bbox 84 439 1258 4133">
    <p class='ocr_par' dir='ltr' id='par_1_2' title="bbox 84 439 1258 4133">
     <span class='ocr_line' id='line_1_2' title="bbox 121 439 1215 509; baseline 0.003 -17"><span class='ocrx_word' id='word_1_8' title='bbox 121 443 170 492; x_wconf 91' lang='lat' dir='ltr'><strong>lem</strong></span> <span class='ocrx_word' id='word_1_9' title='bbox 187 439 309 504; x_wconf 81' lang='lat' dir='ltr'><strong>animam,</strong></span> <span class='ocrx_word' id='word_1_10' title='bbox 327 439 357 490; x_wconf 77' lang='lat' dir='ltr'><strong>ri</strong></span> <span class='ocrx_word' id='word_1_11' title='bbox 374 439 521 504; x_wconf 62' lang='grc' dir='ltr'><strong>ἡγεμονικὸν,</strong></span> <span class='ocrx_word' id='word_1_12' title='bbox 537 443 648 504; x_wconf 85' lang='lat' dir='ltr'><strong>Ducem,</strong></span> <span class='ocrx_word' id='word_1_13' title='bbox 685 455 734 491; x_wconf 87' lang='lat' dir='ltr'><strong>mee</strong></span> <span class='ocrx_word' id='word_1_14' title='bbox 745 441 805 492; x_wconf 88' lang='lat' dir='ltr'><strong>edd.</strong></span> <span class='ocrx_word' id='word_1_15' title='bbox 823 456 881 492; x_wconf 89' lang='lat' dir='ltr'><strong>cum</strong></span> <span class='ocrx_word' id='word_1_16' title='bbox 902 442 1022 508; x_wconf 73' lang='lat' dir='ltr'><strong>lslngrlul</strong></span> <span class='ocrx_word' id='word_1_17' title='bbox 1039 442 1106 495; x_wconf 87' lang='lat' dir='ltr'><strong>libro</strong></span> <span class='ocrx_word' id='word_1_18' title='bbox 1117 448 1145 495; x_wconf 86' lang='lat' dir='ltr'><strong>ot</strong></span> <span class='ocrx_word' id='word_1_19' title='bbox 1155 458 1215 509; x_wconf 82' lang='lat' dir='ltr'><strong>sep·</strong></span> 
     </span>
     <span class='ocr_line' id='line_1_3' title="bbox 119 513 1214 584; baseline 0.005 -16"><span class='ocrx_word' id='word_1_20' title='bbox 119 513 648 581; x_wconf 66' lang='lat' dir='ltr'><strong>Aurigamlmperatricemhomiuis‚l’la·</strong></span> <span class='ocrx_word' id='word_1_21' title='bbox 684 519 1036 584; x_wconf 73' lang='lat' dir='ltr'><strong>temexuostrisstapeserto.</strong></span> <span class='ocrx_word' id='word_1_22' title='bbox 1059 521 1133 572; x_wconf 85' lang='lat' dir='ltr'><strong>Uuut</strong></span> <span class='ocrx_word' id='word_1_23' title='bbox 1141 522 1214 573; x_wconf 84' lang='lat' dir='ltr'><strong>Med.</strong></span> 
     </span>
     <span class='ocr_line' id='line_1_4' title="bbox 119 590 1214 663; baseline 0.007 -22"><span class='ocrx_word' id='word_1_24' title='bbox 119 591 198 644; x_wconf 86' lang='lat' dir='ltr'><strong>tonici</strong></span> <span class='ocrx_word' id='word_1_25' title='bbox 207 591 304 654; x_wconf 86' lang='lat' dir='ltr'><strong>aliique</strong></span> <span class='ocrx_word' id='word_1_26' title='bbox 320 590 469 656; x_wconf 68' lang='lat' dir='ltr'><strong>Philosophi</strong></span> <span class='ocrx_word' id='word_1_27' title='bbox 480 591 573 656; x_wconf 85' lang='lat' dir='ltr'><strong>ubique</strong></span> <span class='ocrx_word' id='word_1_28' title='bbox 586 590 649 641; x_wconf 84' lang='lat' dir='ltr'><strong>deli·</strong></span> <span class='ocrx_word' id='word_1_29' title='bbox 684 593 820 655; x_wconf 69' lang='lat' dir='ltr'><strong>tumefacto.</strong></span> <span class='ocrx_word' id='word_1_30' title='bbox 835 593 900 658; x_wconf 75' lang='lat' dir='ltr'><strong>Reg.</strong></span> <span class='ocrx_word' id='word_1_31' title='bbox 910 597 1029 651; x_wconf 78' lang='lat' dir='ltr'><strong>etOxou.</strong></span> <span class='ocrx_word' id='word_1_32' title='bbox 1039 597 1158 659; x_wconf 68' lang='lat' dir='ltr'><strong>tolrsoeto</strong></span> <span class='ocrx_word' id='word_1_33' title='bbox 1165 612 1214 663; x_wconf 92' lang='lat' dir='ltr'><strong>pro</strong></span> 
     </span>
     <span class='ocr_line' id='line_1_5' title="bbox 118 666 1216 737; baseline 0.005 -20"><span class='ocrx_word' id='word_1_34' title='bbox 118 667 203 728; x_wconf 86' lang='lat' dir='ltr'><strong>niunt,</strong></span> <span class='ocrx_word' id='word_1_35' title='bbox 217 666 343 732; x_wconf 74' lang='lat' dir='ltr'><strong>Anrlgam</strong></span> <span class='ocrx_word' id='word_1_36' title='bbox 363 666 501 731; x_wconf 82' lang='lat' dir='ltr'><strong>eliquendo</strong></span> <span class='ocrx_word' id='word_1_37' title='bbox 511 668 648 718; x_wconf 83' lang='lat' dir='ltr'><strong>relutenr·</strong></span> <span class='ocrx_word' id='word_1_38' title='bbox 684 669 809 730; x_wconf 55' lang='grc' dir='ltr'><strong>Μαρια.</strong></span> <span class='ocrx_word' id='word_1_39' title='bbox 826 671 920 720; x_wconf 75' lang='lat' dir='ltr'><strong>Pricae.</strong></span> <span class='ocrx_word' id='word_1_40' title='bbox 938 671 1084 732; x_wconf 67' lang='lat' dir='ltr'><strong>tremefacto.</strong></span> <span class='ocrx_word' id='word_1_41' title='bbox 1100 688 1160 723; x_wconf 78' lang='lat' dir='ltr'><strong>mon</strong></span> <span class='ocrx_word' id='word_1_42' title='bbox 1172 672 1216 737; x_wconf 73' lang='lat' dir='ltr'><strong>fe·</strong></span> 
     </span>
     <span class='ocr_line' id='line_1_6' title="bbox 118 742 1215 812; baseline 0.007 -19"><span class='ocrx_word' id='word_1_43' title='bbox 118 743 283 807; x_wconf 76' lang='lat' dir='ltr'><strong>unicuipiam</strong></span> <span class='ocrx_word' id='word_1_44' title='bbox 295 742 401 809; x_wconf 79' lang='lat' dir='ltr'><strong>equiaro</strong></span> <span class='ocrx_word' id='word_1_45' title='bbox 411 743 583 806; x_wconf 81' lang='lat' dir='ltr'><strong>imponentes.</strong></span> <span class='ocrx_word' id='word_1_46' title='bbox 683 746 755 807; x_wconf 74' lang='lat' dir='ltr'><strong>renti,</strong></span> <span class='ocrx_word' id='word_1_47' title='bbox 767 760 819 795; x_wconf 87' lang='lat' dir='ltr'><strong>uon</strong></span> <span class='ocrx_word' id='word_1_48' title='bbox 827 745 928 810; x_wconf 66' lang='lat' dir='ltr'><strong>flenti,</strong></span> <span class='ocrx_word' id='word_1_49' title='bbox 938 747 1004 796; x_wconf 84' lang='lat' dir='ltr'><strong>hene</strong></span> <span class='ocrx_word' id='word_1_50' title='bbox 1015 748 1107 812; x_wconf 85' lang='lat' dir='ltr'><strong>scripti</strong></span> <span class='ocrx_word' id='word_1_51' title='bbox 1118 763 1215 802; x_wconf 82' lang='lat' dir='ltr'><strong>omues.</strong></span> 
     </span>
     <span class='ocr_line' id='line_1_7' title="bbox 149 817 1215 888; baseline 0.008 -21"><span class='ocrx_word' id='word_1_52' title='bbox 149 817 254 880; x_wconf 74' lang='lat' dir='ltr'><strong>ladon]</strong></span> <span class='ocrx_word' id='word_1_53' title='bbox 278 818 337 870; x_wconf 79' lang='lat' dir='ltr'><strong>Quo</strong></span> <span class='ocrx_word' id='word_1_54' title='bbox 353 817 408 867; x_wconf 83' lang='lat' dir='ltr'><strong>rita</strong></span> <span class='ocrx_word' id='word_1_55' title='bbox 417 818 525 867; x_wconf 77' lang='lat' dir='ltr'><strong>hermena</strong></span> <span class='ocrx_word' id='word_1_56' title='bbox 535 822 647 869; x_wconf 80' lang='lat' dir='ltr'><strong>constat.</strong></span> <span class='ocrx_word' id='word_1_57' title='bbox 687 819 794 870; x_wconf 79' lang='lat' dir='ltr'><strong>Verteret</strong></span> <span class='ocrx_word' id='word_1_58' title='bbox 806 821 884 870; x_wconf 85' lang='lat' dir='ltr'><strong>etiam</strong></span> <span class='ocrx_word' id='word_1_59' title='bbox 895 837 943 885; x_wconf 88' lang='lat' dir='ltr'><strong>pro</strong></span> <span class='ocrx_word' id='word_1_60' title='bbox 955 822 1060 872; x_wconf 64' lang='lat' dir='ltr'><strong>Deteret</strong></span> <span class='ocrx_word' id='word_1_61' title='bbox 1075 824 1145 888; x_wconf 85' lang='lat' dir='ltr'><strong>prior</strong></span> <span class='ocrx_word' id='word_1_62' title='bbox 1157 826 1215 877; x_wconf 85' lang='lat' dir='ltr'><strong>Mo·</strong></span> 
     </span>
     <span class='ocr_line' id='line_1_8' title="bbox 118 892 1258 965; baseline 0.005 -21"><span class='ocrx_word' id='word_1_63' title='bbox 118 892 262 945; x_wconf 78' lang='lat' dir='ltr'><strong>Vittenim</strong></span> <span class='ocrx_word' id='word_1_64' title='bbox 273 892 503 965; x_wconf 81' lang='lat' dir='ltr'><strong>lnborperpetuus.</strong></span> <span class='ocrx_word' id='word_1_65' title='bbox 520 893 607 943; x_wconf 68' lang='lat' dir='ltr'><strong>Barth.</strong></span> <span class='ocrx_word' id='word_1_66' title='bbox 684 895 735 945; x_wconf 85' lang='lat' dir='ltr'><strong>reti</strong></span> <span class='ocrx_word' id='word_1_67' title='bbox 744 909 795 945; x_wconf 92' lang='lat' dir='ltr'><strong>non</strong></span> <span class='ocrx_word' id='word_1_68' title='bbox 807 898 883 946; x_wconf 81' lang='lat' dir='ltr'><strong>utale.</strong></span> <span class='ocrx_word' id='word_1_69' title='bbox 901 905 973 947; x_wconf 84' lang='lat' dir='ltr'><strong>recte</strong></span> <span class='ocrx_word' id='word_1_70' title='bbox 985 905 1070 948; x_wconf 85' lang='lat' dir='ltr'><strong>autem</strong></span> <span class='ocrx_word' id='word_1_71' title='bbox 1090 901 1216 963; x_wconf 70' lang='lat' dir='ltr'><strong>Contradi-</strong></span> <span class='ocrx_word' id='word_1_72' title='bbox 1254 892 1258 901; x_wconf 82' lang='grc'>’</span> 
     </span>
     <span class='ocr_line' id='line_1_9' title="bbox 150 964 1217 1043; baseline 0.009 -27"><span class='ocrx_word' id='word_1_73' title='bbox 150 970 376 1032; x_wconf 65' lang='lat' dir='ltr'><strong>Prospectumque</strong></span> <span class='ocrx_word' id='word_1_74' title='bbox 392 964 478 1030; x_wconf 80' lang='lat' dir='ltr'><strong>tahon]</strong></span> <span class='ocrx_word' id='word_1_75' title='bbox 502 967 648 1031; x_wconf 82' lang='lat' dir='ltr'><strong>Prospsrtri·</strong></span> <span class='ocrx_word' id='word_1_76' title='bbox 683 975 733 1021; x_wconf 82' lang='lat' dir='ltr'><strong>ter.</strong></span> <span class='ocrx_word' id='word_1_77' title='bbox 750 972 787 1021; x_wconf 89' lang='lat' dir='ltr'><strong>sic</strong></span> <span class='ocrx_word' id='word_1_78' title='bbox 805 973 875 1037; x_wconf 84' lang='lat' dir='ltr'><strong>apud</strong></span> <span class='ocrx_word' id='word_1_79' title='bbox 892 975 1055 1024; x_wconf 74' lang='lat' dir='ltr'>Marcianum</span> <span class='ocrx_word' id='word_1_80' title='bbox 1073 975 1217 1043; x_wconf 64' lang='lat' dir='ltr'><strong>Capella),</strong></span> 
     </span>
     <span class='ocr_line' id='line_1_10' title="bbox 120 1042 1215 1117; baseline 0.009 -24"><span class='ocrx_word' id='word_1_81' title='bbox 120 1056 214 1108; x_wconf 65' lang='lat' dir='ltr'><strong>mue</strong></span> <span class='ocrx_word' id='word_1_82' title='bbox 224 1042 330 1093; x_wconf 70' lang='lat' dir='ltr'><strong>iodrum</strong></span> <span class='ocrx_word' id='word_1_83' title='bbox 343 1043 441 1094; x_wconf 81' lang='lat' dir='ltr'><strong>Moreti</strong></span> <span class='ocrx_word' id='word_1_84' title='bbox 453 1044 533 1108; x_wconf 86' lang='lat' dir='ltr'><strong>prior,</strong></span> <span class='ocrx_word' id='word_1_85' title='bbox 542 1043 647 1095; x_wconf 83' lang='lat' dir='ltr'><strong>Jnuiau.</strong></span> <span class='ocrx_word' id='word_1_86' title='bbox 684 1047 780 1097; x_wconf 87' lang='lat' dir='ltr'><strong>llb.v1.</strong></span> <span class='ocrx_word' id='word_1_87' title='bbox 798 1049 883 1100; x_wconf 84' lang='lat' dir='ltr'><strong>‘Nam</strong></span> <span class='ocrx_word' id='word_1_88' title='bbox 902 1063 960 1099; x_wconf 86' lang='lat' dir='ltr'><strong>cum</strong></span> <span class='ocrx_word' id='word_1_89' title='bbox 973 1056 1065 1100; x_wconf 76' lang='lat' dir='ltr'><strong>testate</strong></span> <span class='ocrx_word' id='word_1_90' title='bbox 1078 1057 1215 1117; x_wconf 82' lang='lat' dir='ltr'><strong>torremur,</strong></span> 
     </span>
     <span class='ocr_line' id='line_1_11' title="bbox 118 1119 1216 1192; baseline 0.006 -18"><span class='ocrx_word' id='word_1_91' title='bbox 118 1124 204 1185; x_wconf 75' lang='lat' dir='ltr'><strong>quart</strong></span> <span class='ocrx_word' id='word_1_92' title='bbox 215 1119 336 1169; x_wconf 72' lang='lat' dir='ltr'><strong>vitiem.</strong></span> <span class='ocrx_word' id='word_1_93' title='bbox 352 1127 379 1170; x_wconf 78' lang='lat' dir='ltr'><strong>et</strong></span> <span class='ocrx_word' id='word_1_94' title='bbox 390 1119 449 1169; x_wconf 84' lang='lat' dir='ltr'><strong>Pet.</strong></span> <span class='ocrx_word' id='word_1_95' title='bbox 462 1134 535 1169; x_wconf 83' lang='lat' dir='ltr'><strong>unns.</strong></span> <span class='ocrx_word' id='word_1_96' title='bbox 552 1120 647 1183; x_wconf 81' lang='lat' dir='ltr'><strong>placet.</strong></span> <span class='ocrx_word' id='word_1_97' title='bbox 683 1123 736 1175; x_wconf 82' lang='lat' dir='ltr'><strong>illie</strong></span> <span class='ocrx_word' id='word_1_98' title='bbox 755 1124 851 1187; x_wconf 68' lang='lat' dir='ltr'><strong>frigore</strong></span> <span class='ocrx_word' id='word_1_99' title='bbox 869 1126 1076 1178; x_wconf 67' lang='lat' dir='ltr'><strong>contrahuntur!</strong></span> <span class='ocrx_word' id='word_1_100' title='bbox 1099 1134 1127 1178; x_wconf 84' lang='lat' dir='ltr'><strong>et</strong></span> <span class='ocrx_word' id='word_1_101' title='bbox 1146 1140 1216 1192; x_wconf 82' lang='lat' dir='ltr'><strong>nox,</strong></span> 
     </span>
     <span class='ocr_line' id='line_1_12' title="bbox 119 1193 1216 1265; baseline 0.009 -21"><span class='ocrx_word' id='word_1_102' title='bbox 119 1195 225 1259; x_wconf 81' lang='lat' dir='ltr'><strong>quintus</strong></span> <span class='ocrx_word' id='word_1_103' title='bbox 235 1195 356 1247; x_wconf 82' lang='lat' dir='ltr'><strong>Vaticsu.</strong></span> <span class='ocrx_word' id='word_1_104' title='bbox 373 1196 577 1260; x_wconf 71' lang='lat' dir='ltr'><strong>rpertotrleemqoe</strong></span> <span class='ocrx_word' id='word_1_105' title='bbox 587 1193 649 1244; x_wconf 74' lang='lat' dir='ltr'><strong>lodo·</strong></span> <span class='ocrx_word' id='word_1_106' title='bbox 684 1200 811 1264; x_wconf 86' lang='lat' dir='ltr'><strong>‘quarum</strong></span> <span class='ocrx_word' id='word_1_107' title='bbox 828 1216 879 1250; x_wconf 79' lang='lat' dir='ltr'><strong>usna</strong></span> <span class='ocrx_word' id='word_1_108' title='bbox 894 1201 1033 1253; x_wconf 72' lang='lat' dir='ltr'><strong>vicinantia</strong></span> <span class='ocrx_word' id='word_1_109' title='bbox 1050 1203 1159 1265; x_wconf 85' lang='lat' dir='ltr'><strong>plaustri</strong></span> <span class='ocrx_word' id='word_1_110' title='bbox 1178 1204 1216 1254; x_wconf 87' lang='lat' dir='ltr'><strong>al·</strong></span> 
     </span>
     <span class='ocr_line' id='line_1_13' title="bbox 118 1269 1216 1339; baseline 0.01 -19"><span class='ocrx_word' id='word_1_111' title='bbox 118 1284 180 1320; x_wconf 79' lang='lat' dir='ltr'><strong>rum.</strong></span> <span class='ocrx_word' id='word_1_112' title='bbox 197 1271 233 1319; x_wconf 85' lang='lat' dir='ltr'><strong>D.</strong></span> <span class='ocrx_word' id='word_1_113' title='bbox 245 1269 336 1323; x_wconf 85' lang='lat' dir='ltr'><strong>Heius.</strong></span> <span class='ocrx_word' id='word_1_114' title='bbox 684 1290 746 1337; x_wconf 65' lang='lat' dir='ltr'><strong>pore</strong></span> <span class='ocrx_word' id='word_1_115' title='bbox 765 1283 907 1339; x_wconf 85' lang='lat' dir='ltr'><strong>crustatur,</strong></span> <span class='ocrx_word' id='word_1_116' title='bbox 931 1278 1013 1327; x_wconf 79' lang='lat' dir='ltr'><strong>ultera</strong></span> <span class='ocrx_word' id='word_1_117' title='bbox 1035 1279 1216 1332; x_wconf 82' lang='lat' dir='ltr'><strong>trausaustriul</strong></span> 
     </span>
     <span class='ocr_line' id='line_1_14' title="bbox 149 1346 1215 1412; baseline 0.008 -15"><span class='ocrx_word' id='word_1_118' title='bbox 149 1351 200 1397; x_wconf 72' lang='lat'><strong>288</strong></span> <span class='ocrx_word' id='word_1_119' title='bbox 217 1347 421 1412; x_wconf 49' lang='lat' dir='ltr'><strong>[insumere]</strong></span> <span class='ocrx_word' id='word_1_120' title='bbox 436 1348 474 1398; x_wconf 91' lang='lat' dir='ltr'><strong>Ut</strong></span> <span class='ocrx_word' id='word_1_121' title='bbox 484 1346 649 1412; x_wconf 81' lang='lat' dir='ltr'><strong>pereantscl-</strong></span> <span class='ocrx_word' id='word_1_122' title='bbox 683 1351 778 1402; x_wconf 83' lang='lat' dir='ltr'><strong>halitus</strong></span> <span class='ocrx_word' id='word_1_123' title='bbox 785 1353 933 1404; x_wconf 83' lang='lat' dir='ltr'><strong>desertione</strong></span> <span class='ocrx_word' id='word_1_124' title='bbox 942 1353 1119 1406; x_wconf 64' lang='lat' dir='ltr'><strong>contrahitur?</strong></span> <span class='ocrx_word' id='word_1_125' title='bbox 1134 1362 1161 1405; x_wconf 88' lang='lat' dir='ltr'><strong>et</strong></span> <span class='ocrx_word' id='word_1_126' title='bbox 1170 1355 1215 1406; x_wconf 86' lang='lat' dir='ltr'><strong>de·</strong></span> 
     </span>
     <span class='ocr_line' id='line_1_15' title="bbox 118 1422 1217 1490; baseline 0.009 -18"><span class='ocrx_word' id='word_1_127' title='bbox 118 1422 192 1486; x_wconf 83' lang='lat' dir='ltr'><strong>licet,</strong></span> <span class='ocrx_word' id='word_1_128' title='bbox 208 1424 267 1472; x_wconf 90' lang='lat' dir='ltr'><strong>loco</strong></span> <span class='ocrx_word' id='word_1_129' title='bbox 286 1423 344 1487; x_wconf 84' lang='lat' dir='ltr'><strong>ipso</strong></span> <span class='ocrx_word' id='word_1_130' title='bbox 359 1424 523 1475; x_wconf 70' lang='lat' dir='ltr'><strong>admonente.</strong></span> <span class='ocrx_word' id='word_1_131' title='bbox 554 1424 648 1488; x_wconf 78' lang='lat' dir='ltr'><strong>Stetlo,</strong></span> <span class='ocrx_word' id='word_1_132' title='bbox 684 1426 773 1490; x_wconf 86' lang='lat' dir='ltr'><strong>inde,‘</strong></span> <span class='ocrx_word' id='word_1_133' title='bbox 787 1429 908 1479; x_wconf 80' lang='lat' dir='ltr'><strong>Letitndo</strong></span> <span class='ocrx_word' id='word_1_134' title='bbox 922 1439 1009 1480; x_wconf 81' lang='lat' dir='ltr'><strong>entem</strong></span> <span class='ocrx_word' id='word_1_135' title='bbox 1021 1439 1099 1481; x_wconf 84' lang='lat' dir='ltr'><strong>terres</strong></span> <span class='ocrx_word' id='word_1_136' title='bbox 1108 1446 1125 1480; x_wconf 82' lang='lat' dir='ltr'><strong>a</strong></span> <span class='ocrx_word' id='word_1_137' title='bbox 1136 1431 1217 1482; x_wconf 82' lang='lat' dir='ltr'><strong>Meri·</strong></span> 
     </span>
     <span class='ocr_line' id='line_1_16' title="bbox 119 1496 1215 1570; baseline 0.005 -20"><span class='ocrx_word' id='word_1_138' title='bbox 119 1498 195 1550; x_wconf 82' lang='lat' dir='ltr'><strong>sedes</strong></span> <span class='ocrx_word' id='word_1_139' title='bbox 210 1498 434 1564; x_wconf 76' lang='lat' dir='ltr'><strong>ordinaria,atque</strong></span> <span class='ocrx_word' id='word_1_140' title='bbox 446 1501 586 1564; x_wconf 80' lang='lat' dir='ltr'><strong>assignata,</strong></span> <span class='ocrx_word' id='word_1_141' title='bbox 595 1501 648 1550; x_wconf 67' lang='lat' dir='ltr'><strong>cni»</strong></span> <span class='ocrx_word' id='word_1_142' title='bbox 685 1501 760 1552; x_wconf 86' lang='lat' dir='ltr'><strong>diano</strong></span> <span class='ocrx_word' id='word_1_143' title='bbox 770 1503 824 1570; x_wconf 85' lang='lat' dir='ltr'><strong>situ</strong></span> <span class='ocrx_word' id='word_1_144' title='bbox 832 1496 1058 1569; x_wconf 67' lang='lat' dir='ltr'><strong>indeptentrionis</strong></span> <span class='ocrx_word' id='word_1_145' title='bbox 1067 1511 1148 1570; x_wconf 84' lang='lat' dir='ltr'><strong>capnt</strong></span> <span class='ocrx_word' id='word_1_146' title='bbox 1159 1503 1215 1570; x_wconf 89' lang='lat' dir='ltr'><strong>pln-</strong></span> 
     </span>
     <span class='ocr_line' id='line_1_17' title="bbox 119 1573 1216 1645; baseline 0.008 -23"><span class='ocrx_word' id='word_1_147' title='bbox 119 1587 169 1638; x_wconf 85' lang='lat' dir='ltr'><strong>qne</strong></span> <span class='ocrx_word' id='word_1_148' title='bbox 181 1573 359 1637; x_wconf 79' lang='lat' dir='ltr'><strong>peculiariter.</strong></span> <span class='ocrx_word' id='word_1_149' title='bbox 382 1574 504 1624; x_wconf 74' lang='lat' dir='ltr'><strong>Manilius</strong></span> <span class='ocrx_word' id='word_1_150' title='bbox 514 1573 547 1623; x_wconf 89' lang='lat' dir='ltr'><strong>de</strong></span> <span class='ocrx_word' id='word_1_151' title='bbox 556 1574 650 1639; x_wconf 74' lang='lat' dir='ltr'><strong>Amris,</strong></span> <span class='ocrx_word' id='word_1_152' title='bbox 685 1575 777 1626; x_wconf 86' lang='lat' dir='ltr'><strong>timum</strong></span> <span class='ocrx_word' id='word_1_153' title='bbox 796 1577 881 1645; x_wconf 87' lang='lat' dir='ltr'><strong>minor</strong></span> <span class='ocrx_word' id='word_1_154' title='bbox 897 1584 952 1628; x_wconf 87' lang='lat' dir='ltr'><strong>est:</strong></span> <span class='ocrx_word' id='word_1_155' title='bbox 970 1593 1029 1628; x_wconf 86' lang='lat' dir='ltr'><strong>nam</strong></span> <span class='ocrx_word' id='word_1_156' title='bbox 1041 1580 1162 1645; x_wconf 83' lang='lat' dir='ltr'><strong>utrinqne</strong></span> <span class='ocrx_word' id='word_1_157' title='bbox 1178 1581 1216 1630; x_wconf 88' lang='lat' dir='ltr'><strong>in·</strong></span> 
     </span>
     <span class='ocr_line' id='line_1_18' title="bbox 117 1649 1216 1722; baseline 0.006 -24"><span class='ocrx_word' id='word_1_158' title='bbox 117 1650 136 1698; x_wconf 87' lang='lat'><strong>1.</strong></span> <span class='ocrx_word' id='word_1_159' title='bbox 148 1662 186 1698; x_wconf 82' lang='lat' dir='ltr'><strong>tv.</strong></span> <span class='ocrx_word' id='word_1_160' title='bbox 202 1649 416 1715; x_wconf 77' lang='lat' dir='ltr'><strong>‘Implernntqne</strong></span> <span class='ocrx_word' id='word_1_161' title='bbox 431 1665 499 1714; x_wconf 84' lang='lat' dir='ltr'><strong>tuos,</strong></span> <span class='ocrx_word' id='word_1_162' title='bbox 515 1657 588 1701; x_wconf 82' lang='lat' dir='ltr'><strong>certe</strong></span> <span class='ocrx_word' id='word_1_163' title='bbox 599 1657 649 1701; x_wconf 76' lang='lat' dir='ltr'><strong>ets·</strong></span> <span class='ocrx_word' id='word_1_164' title='bbox 685 1653 826 1716; x_wconf 84' lang='lat' dir='ltr'><strong>temperati</strong></span> <span class='ocrx_word' id='word_1_165' title='bbox 845 1652 912 1722; x_wconf 74' lang='lat' dir='ltr'><strong>uiris</strong></span> <span class='ocrx_word' id='word_1_166' title='bbox 933 1653 1067 1703; x_wconf 87' lang='lat' dir='ltr'><strong>nimietate</strong></span> <span class='ocrx_word' id='word_1_167' title='bbox 1088 1655 1216 1705; x_wconf 82' lang='lat' dir='ltr'><strong>contrahi·</strong></span> 
     </span>
     <span class='ocr_line' id='line_1_19' title="bbox 120 1725 894 1788; baseline 0.001 -12"><span class='ocrx_word' id='word_1_168' title='bbox 120 1725 333 1788; x_wconf 80' lang='lat' dir='ltr'><strong>lione,labores.&#39;</strong></span> <span class='ocrx_word' id='word_1_169' title='bbox 350 1727 438 1776; x_wconf 80' lang='lat' dir='ltr'><strong>Bortll.</strong></span> <span class='ocrx_word' id='word_1_170' title='bbox 685 1727 745 1778; x_wconf 87' lang='lat' dir='ltr'><strong>tnr.’</strong></span> <span class='ocrx_word' id='word_1_171' title='bbox 762 1728 798 1777; x_wconf 89' lang='lat' dir='ltr'><strong>D.</strong></span> <span class='ocrx_word' id='word_1_172' title='bbox 807 1727 894 1777; x_wconf 79' lang='lat' dir='ltr'><strong>Heisi.</strong></span> 
     </span>
     <span class='ocr_line' id='line_1_20' title="bbox 150 1801 1216 1869; baseline -0.001 -17"><span class='ocrx_word' id='word_1_173' title='bbox 150 1805 202 1852; x_wconf 72' lang='grc'><strong>229</strong></span> <span class='ocrx_word' id='word_1_174' title='bbox 214 1801 316 1867; x_wconf 76' lang='lat' dir='ltr'><strong>opifex]</strong></span> <span class='ocrx_word' id='word_1_175' title='bbox 332 1803 515 1855; x_wconf 81' lang='lat' dir='ltr'><strong>Prometheum</strong></span> <span class='ocrx_word' id='word_1_176' title='bbox 524 1803 579 1854; x_wconf 83' lang='lat' dir='ltr'><strong>sire</strong></span> <span class='ocrx_word' id='word_1_177' title='bbox 589 1818 648 1869; x_wconf 86' lang='lat' dir='ltr'><strong>pro·</strong></span> <span class='ocrx_word' id='word_1_178' title='bbox 720 1803 876 1853; x_wconf 78' lang='lat' dir='ltr'><strong>Controiitur</strong></span> <span class='ocrx_word' id='word_1_179' title='bbox 886 1801 1002 1867; x_wconf 78' lang='lat' dir='ltr'><strong>tepefacto</strong></span> <span class='ocrx_word' id='word_1_180' title='bbox 1013 1804 1087 1868; x_wconf 78' lang='lat' dir='ltr'><strong>metu]</strong></span> <span class='ocrx_word' id='word_1_181' title='bbox 1111 1802 1158 1852; x_wconf 92' lang='lat' dir='ltr'><strong>Uti</strong></span> <span class='ocrx_word' id='word_1_182' title='bbox 1177 1801 1216 1853; x_wconf 85' lang='lat' dir='ltr'><strong>ef·</strong></span> 
     </span>
     <span class='ocr_line' id='line_1_21' title="bbox 118 1876 1215 1943; baseline -0.001 -13"><span class='ocrx_word' id='word_1_183' title='bbox 118 1877 262 1930; x_wconf 80' lang='lat' dir='ltr'><strong>videntium</strong></span> <span class='ocrx_word' id='word_1_184' title='bbox 274 1880 349 1930; x_wconf 86' lang='lat' dir='ltr'><strong>dixit.</strong></span> <span class='ocrx_word' id='word_1_185' title='bbox 365 1881 440 1931; x_wconf 81' lang='lat' dir='ltr'><strong>Idem.</strong></span> <span class='ocrx_word' id='word_1_186' title='bbox 685 1876 777 1928; x_wconf 84' lang='lat' dir='ltr'><strong>sertin</strong></span> <span class='ocrx_word' id='word_1_187' title='bbox 796 1879 894 1929; x_wconf 86' lang='lat' dir='ltr'><strong>calores</strong></span> <span class='ocrx_word' id='word_1_188' title='bbox 912 1879 1001 1928; x_wconf 89' lang='lat' dir='ltr'><strong>nimios</strong></span> <span class='ocrx_word' id='word_1_189' title='bbox 1017 1885 1045 1929; x_wconf 86' lang='lat' dir='ltr'><strong>et</strong></span> <span class='ocrx_word' id='word_1_190' title='bbox 1063 1878 1215 1943; x_wconf 71' lang='lat' dir='ltr'><strong>precipites</strong></span> 
     </span>
     <span class='ocr_line' id='line_1_22' title="bbox 151 1952 1215 2021; baseline 0.002 -17"><span class='ocrx_word' id='word_1_191' title='bbox 151 1957 202 2004; x_wconf 87' lang='grc'><strong>241</strong></span> <span class='ocrx_word' id='word_1_192' title='bbox 220 1955 286 2003; x_wconf 81' lang='lat' dir='ltr'><strong>lrmn</strong></span> <span class='ocrx_word' id='word_1_193' title='bbox 294 1957 417 2018; x_wconf 76' lang='lat' dir='ltr'><strong>mrgetrmi</strong></span> <span class='ocrx_word' id='word_1_194' title='bbox 431 1955 649 2021; x_wconf 75' lang='lat' dir='ltr'><strong>regiorslrpertore</strong></span> <span class='ocrx_word' id='word_1_195' title='bbox 685 1952 734 2016; x_wconf 85' lang='lat' dir='ltr'><strong>ira,</strong></span> <span class='ocrx_word' id='word_1_196' title='bbox 751 1954 790 2003; x_wconf 85' lang='lat' dir='ltr'><strong>ita</strong></span> <span class='ocrx_word' id='word_1_197' title='bbox 806 1962 890 2003; x_wconf 90' lang='lat' dir='ltr'><strong>metus</strong></span> <span class='ocrx_word' id='word_1_198' title='bbox 907 1954 1037 2004; x_wconf 82' lang='lat' dir='ltr'><strong>contrahit</strong></span> <span class='ocrx_word' id='word_1_199' title='bbox 1048 1954 1170 2016; x_wconf 89' lang='lat' dir='ltr'><strong>animum,</strong></span> <span class='ocrx_word' id='word_1_200' title='bbox 1185 1962 1215 2006; x_wconf 92' lang='lat' dir='ltr'><strong>ut</strong></span> 
     </span>
     <span class='ocr_line' id='line_1_23' title="bbox 117 2027 1216 2098; baseline 0.001 -19"><span class='ocrx_word' id='word_1_201' title='bbox 117 2030 199 2080; x_wconf 79' lang='lat' dir='ltr'><strong>cordio</strong></span> <span class='ocrx_word' id='word_1_202' title='bbox 210 2031 333 2094; x_wconf 76' lang='lat' dir='ltr'><strong>Protegit]</strong></span> <span class='ocrx_word' id='word_1_203' title='bbox 346 2032 517 2095; x_wconf 71' lang='lat' dir='ltr'><strong>Sanguineum</strong></span> <span class='ocrx_word' id='word_1_204' title='bbox 529 2046 581 2097; x_wconf 88' lang='lat' dir='ltr'><strong>cor,</strong></span> <span class='ocrx_word' id='word_1_205' title='bbox 589 2033 649 2098; x_wconf 86' lang='lat' dir='ltr'><strong>quia</strong></span> <span class='ocrx_word' id='word_1_206' title='bbox 685 2029 767 2077; x_wconf 83' lang='lat' dir='ltr'><strong>relntt</strong></span> <span class='ocrx_word' id='word_1_207' title='bbox 777 2027 874 2092; x_wconf 76' lang='lat' dir='ltr'><strong>frigore</strong></span> <span class='ocrx_word' id='word_1_208' title='bbox 882 2030 1001 2094; x_wconf 86' lang='lat' dir='ltr'><strong>quopiam</strong></span> <span class='ocrx_word' id='word_1_209' title='bbox 1011 2033 1154 2094; x_wconf 85' lang='lat' dir='ltr'><strong>perculsus,</strong></span> <span class='ocrx_word' id='word_1_210' title='bbox 1163 2044 1216 2080; x_wconf 88' lang='lat' dir='ltr'><strong>nou</strong></span> 
     </span>
     <span class='ocr_line' id='line_1_24' title="bbox 116 2103 1217 2172; baseline 0 -16"><span class='ocrx_word' id='word_1_211' title='bbox 116 2105 178 2157; x_wconf 80' lang='lat' dir='ltr'><strong>fons</strong></span> <span class='ocrx_word' id='word_1_212' title='bbox 189 2108 327 2172; x_wconf 74' lang='lat' dir='ltr'><strong>sanguinis.</strong></span> <span class='ocrx_word' id='word_1_213' title='bbox 685 2106 768 2169; x_wconf 87' lang='lat' dir='ltr'><strong>possit</strong></span> <span class='ocrx_word' id='word_1_214' title='bbox 783 2103 867 2156; x_wconf 86' lang='lat' dir='ltr'><strong>officio</strong></span> <span class='ocrx_word' id='word_1_215' title='bbox 882 2121 927 2156; x_wconf 92' lang='lat' dir='ltr'><strong>suo</strong></span> <span class='ocrx_word' id='word_1_216' title='bbox 944 2105 1032 2169; x_wconf 76' lang='lat' dir='ltr'><strong>fungi:</strong></span> <span class='ocrx_word' id='word_1_217' title='bbox 1049 2105 1150 2169; x_wconf 84' lang='lat' dir='ltr'><strong>junctis</strong></span> <span class='ocrx_word' id='word_1_218' title='bbox 1168 2106 1217 2171; x_wconf 90' lang='lat' dir='ltr'><strong>his,</strong></span> 
     </span>
     <span class='ocr_line' id='line_1_25' title="bbox 152 2181 1166 2249; baseline 0 -17"><span class='ocrx_word' id='word_1_219' title='bbox 152 2183 232 2246; x_wconf 81' lang='lat' dir='ltr'><strong>Iram]</strong></span> <span class='ocrx_word' id='word_1_220' title='bbox 253 2185 315 2248; x_wconf 91' lang='lat' dir='ltr'><strong>Ejus</strong></span> <span class='ocrx_word' id='word_1_221' title='bbox 327 2184 401 2233; x_wconf 87' lang='lat' dir='ltr'><strong>sedes</strong></span> <span class='ocrx_word' id='word_1_222' title='bbox 419 2183 446 2233; x_wconf 95' lang='lat' dir='ltr'><strong>in</strong></span> <span class='ocrx_word' id='word_1_223' title='bbox 462 2184 575 2249; x_wconf 75' lang='lat' dir='ltr'><strong>pectoris</strong></span> <span class='ocrx_word' id='word_1_224' title='bbox 590 2184 650 2234; x_wconf 86' lang='lat' dir='ltr'><strong>inti·</strong></span> <span class='ocrx_word' id='word_1_225' title='bbox 685 2182 943 2247; x_wconf 82' lang='lat' dir='ltr'><strong>commoderetisqne,</strong></span> <span class='ocrx_word' id='word_1_226' title='bbox 954 2181 984 2232; x_wconf 88' lang='lat' dir='ltr'><strong>fit</strong></span> <span class='ocrx_word' id='word_1_227' title='bbox 995 2181 1166 2247; x_wconf 73' lang='lat' dir='ltr'><strong>aequabilitas.</strong></span> 
     </span>
     <span class='ocr_line' id='line_1_26' title="bbox 117 2251 1101 2329; baseline -0.001 -20"><span class='ocrx_word' id='word_1_228' title='bbox 117 2273 173 2321; x_wconf 87' lang='lat' dir='ltr'><strong>mo,</strong></span> <span class='ocrx_word' id='word_1_229' title='bbox 191 2259 280 2308; x_wconf 86' lang='lat' dir='ltr'><strong>corde.</strong></span> <span class='ocrx_word' id='word_1_230' title='bbox 312 2258 449 2308; x_wconf 88' lang='lat' dir='ltr'><strong>Petronius</strong></span> <span class='ocrx_word' id='word_1_231' title='bbox 460 2251 585 2318; x_wconf 75' lang='lat' dir='ltr'><strong>Arbiter:</strong></span> <span class='ocrx_word' id='word_1_232' title='bbox 602 2259 650 2309; x_wconf 81' lang='lat' dir='ltr'><strong>‘in</strong></span> <span class='ocrx_word' id='word_1_233' title='bbox 720 2258 887 2329; x_wconf 66' lang='lat' dir='ltr'><strong>contrahitur]</strong></span> <span class='ocrx_word' id='word_1_234' title='bbox 902 2259 1010 2322; x_wconf 77' lang='lat' dir='ltr'><strong>Frigore</strong></span> <span class='ocrx_word' id='word_1_235' title='bbox 1019 2259 1101 2308; x_wconf 82' lang='lat' dir='ltr'><strong>velut.</strong></span> 
     </span>
     <span class='ocr_line' id='line_1_27' title="bbox 115 2325 1216 2399; baseline 0 -15"><span class='ocrx_word' id='word_1_236' title='bbox 115 2335 277 2385; x_wconf 89' lang='lat' dir='ltr'><strong>Pectoribus</strong></span> <span class='ocrx_word' id='word_1_237' title='bbox 287 2334 328 2384; x_wconf 84' lang='lat' dir='ltr'><strong>ira</strong></span> <span class='ocrx_word' id='word_1_238' title='bbox 338 2334 467 2384; x_wconf 65' lang='lat' dir='ltr'><strong>considitt&#39;</strong></span> <span class='ocrx_word' id='word_1_239' title='bbox 720 2325 888 2396; x_wconf 71' lang='lat' dir='ltr'><strong>omimium]</strong></span> <span class='ocrx_word' id='word_1_240' title='bbox 905 2333 990 2383; x_wconf 85' lang='lat' dir='ltr'><strong>Aretit</strong></span> <span class='ocrx_word' id='word_1_241' title='bbox 1001 2334 1084 2399; x_wconf 80' lang='lat' dir='ltr'><strong>qnasi,</strong></span> <span class='ocrx_word' id='word_1_242' title='bbox 1095 2338 1122 2383; x_wconf 88' lang='lat' dir='ltr'><strong>et</strong></span> <span class='ocrx_word' id='word_1_243' title='bbox 1130 2347 1216 2384; x_wconf 82' lang='lat' dir='ltr'><strong>corru-</strong></span> 
     </span>
     <span class='ocr_line' id='line_1_28' title="bbox 153 2406 1217 2474; baseline 0 -14"><span class='ocrx_word' id='word_1_244' title='bbox 153 2410 206 2460; x_wconf 79' lang='lat' dir='ltr'><strong>Sul</strong></span> <span class='ocrx_word' id='word_1_245' title='bbox 221 2410 326 2474; x_wconf 78' lang='lat' dir='ltr'><strong>pectore]</strong></span> <span class='ocrx_word' id='word_1_246' title='bbox 357 2409 463 2472; x_wconf 88' lang='lat' dir='ltr'><strong>Pectus,</strong></span> <span class='ocrx_word' id='word_1_247' title='bbox 482 2409 650 2473; x_wconf 81' lang='lat' dir='ltr'><strong>domicilium,</strong></span> <span class='ocrx_word' id='word_1_248' title='bbox 686 2409 771 2471; x_wconf 74' lang='lat' dir='ltr'><strong>gutur.</strong></span> <span class='ocrx_word' id='word_1_249' title='bbox 793 2408 1016 2472; x_wconf 78' lang='lat' dir='ltr'><strong>Arnobius,l.v1u</strong></span> <span class='ocrx_word' id='word_1_250' title='bbox 1032 2406 1217 2460; x_wconf 78' lang='lat' dir='ltr'><strong>‘eonuamtur</strong></span> 
     </span>
     <span class='ocr_line' id='line_1_29' title="bbox 119 2483 1159 2556; baseline 0 -20"><span class='ocrx_word' id='word_1_251' title='bbox 119 2487 251 2536; x_wconf 75' lang='lat' dir='ltr'><strong>habitatio</strong></span> <span class='ocrx_word' id='word_1_252' title='bbox 262 2486 356 2536; x_wconf 88' lang='lat' dir='ltr'><strong>cordis.</strong></span> <span class='ocrx_word' id='word_1_253' title='bbox 375 2485 464 2535; x_wconf 81' lang='lat' dir='ltr'><strong>Bortlt.</strong></span> <span class='ocrx_word' id='word_1_254' title='bbox 556 2548 559 2555; x_wconf 32' lang='grc' dir='ltr'>Ι</span> <span class='ocrx_word' id='word_1_255' title='bbox 686 2483 801 2556; x_wconf 74' lang='lat' dir='ltr'><strong>tristitia,</strong></span> <span class='ocrx_word' id='word_1_256' title='bbox 810 2485 879 2549; x_wconf 90' lang='lat' dir='ltr'><strong>quod</strong></span> <span class='ocrx_word' id='word_1_257' title='bbox 888 2485 996 2554; x_wconf 83' lang='lat' dir='ltr'><strong>solvitur</strong></span> <span class='ocrx_word' id='word_1_258' title='bbox 1008 2485 1159 2549; x_wconf 75' lang='lat' dir='ltr'><strong>voluptate!</strong></span> 
     </span>
     <span class='ocr_line' id='line_1_30' title="bbox 152 2550 1219 2626; baseline 0 -14"><span class='ocrx_word' id='word_1_259' title='bbox 152 2550 203 2612; x_wconf 79' lang='grc'><strong>242</strong></span> <span class='ocrx_word' id='word_1_260' title='bbox 221 2562 332 2623; x_wconf 79' lang='lat' dir='ltr'><strong>Protegit</strong></span> <span class='ocrx_word' id='word_1_261' title='bbox 342 2560 457 2610; x_wconf 78' lang='lat' dir='ltr'><strong>imbutum</strong></span> <span class='ocrx_word' id='word_1_262' title='bbox 468 2560 588 2625; x_wconf 62' lang='lat' dir='ltr'><strong>firmum]</strong></span> <span class='ocrx_word' id='word_1_263' title='bbox 610 2561 651 2610; x_wconf 81' lang='lat' dir='ltr'><strong>In·</strong></span> <span class='ocrx_word' id='word_1_264' title='bbox 720 2560 856 2626; x_wconf 65' lang='lat' dir='ltr'><strong>Tepcfoeto]</strong></span> <span class='ocrx_word' id='word_1_265' title='bbox 888 2562 929 2610; x_wconf 83' lang='lat' dir='ltr'><strong>Ex</strong></span> <span class='ocrx_word' id='word_1_266' title='bbox 950 2560 1053 2611; x_wconf 80' lang='lat' dir='ltr'><strong>fervore</strong></span> <span class='ocrx_word' id='word_1_267' title='bbox 1072 2563 1219 2626; x_wconf 77' lang='lat' dir='ltr'><strong>relangues-</strong></span> 
     </span>
     <span class='ocr_line' id='line_1_31' title="bbox 119 2636 1043 2706; baseline -0.011 -17"><span class='ocrx_word' id='word_1_268' title='bbox 119 2637 214 2689; x_wconf 69' lang='lat' dir='ltr'><strong>meari</strong></span> <span class='ocrx_word' id='word_1_269' title='bbox 235 2637 306 2701; x_wconf 87' lang='lat' dir='ltr'><strong>prior</strong></span> <span class='ocrx_word' id='word_1_270' title='bbox 326 2636 400 2686; x_wconf 88' lang='lat' dir='ltr'><strong>Leid.</strong></span> <span class='ocrx_word' id='word_1_271' title='bbox 429 2642 491 2700; x_wconf 90' lang='lat' dir='ltr'><strong>puto</strong></span> <span class='ocrx_word' id='word_1_272' title='bbox 512 2636 651 2686; x_wconf 66' lang='lat' dir='ltr'><strong>ammom.</strong></span> <span class='ocrx_word' id='word_1_273' title='bbox 687 2648 758 2706; x_wconf 78' lang='lat' dir='ltr'><strong>cens.</strong></span> <span class='ocrx_word' id='word_1_274' title='bbox 951 2695 954 2699; x_wconf 14' lang='lat' dir='ltr'><em>A</em></span> <span class='ocrx_word' id='word_1_275' title='bbox 1038 2698 1043 2703; x_wconf 16' lang='grc' dir='ltr'>ἱ</span> 
     </span>
     <span class='ocr_line' id='line_1_32' title="bbox 119 2707 1217 2778; baseline -0.004 -15"><span class='ocrx_word' id='word_1_276' title='bbox 119 2715 200 2778; x_wconf 85' lang='lat' dir='ltr'><strong>paulo</strong></span> <span class='ocrx_word' id='word_1_277' title='bbox 217 2718 277 2762; x_wconf 84' lang='lat' dir='ltr'><strong>ente</strong></span> <span class='ocrx_word' id='word_1_278' title='bbox 294 2710 438 2761; x_wconf 83' lang='lat' dir='ltr'><strong>committere</strong></span> <span class='ocrx_word' id='word_1_279' title='bbox 456 2725 503 2774; x_wconf 87' lang='lat' dir='ltr'><strong>pro</strong></span> <span class='ocrx_word' id='word_1_280' title='bbox 512 2711 652 2774; x_wconf 68' lang='lat' dir='ltr'><strong>consumere</strong></span> <span class='ocrx_word' id='word_1_281' title='bbox 722 2707 825 2771; x_wconf 73' lang='lat' dir='ltr'><strong>Cumque</strong></span> <span class='ocrx_word' id='word_1_282' title='bbox 844 2709 922 2757; x_wconf 77' lang='lat' dir='ltr'><strong>omnio</strong></span> <span class='ocrx_word' id='word_1_283' title='bbox 939 2715 1017 2778; x_wconf 73' lang='lat' dir='ltr'><strong>mcum</strong></span> <span class='ocrx_word' id='word_1_284' title='bbox 1031 2709 1147 2774; x_wconf 82' lang='lat' dir='ltr'><strong>Duceret]</strong></span> <span class='ocrx_word' id='word_1_285' title='bbox 1172 2710 1217 2760; x_wconf 82' lang='lat' dir='ltr'><strong>Ef-</strong></span> 
     </span>
     <span class='ocr_line' id='line_1_33' title="bbox 117 2781 1218 2852; baseline -0.003 -14"><span class='ocrx_word' id='word_1_286' title='bbox 117 2788 260 2838; x_wconf 79' lang='lat' dir='ltr'><strong>Mediceus</strong></span> <span class='ocrx_word' id='word_1_287' title='bbox 268 2801 332 2837; x_wconf 88' lang='lat' dir='ltr'><strong>nnus</strong></span> <span class='ocrx_word' id='word_1_288' title='bbox 342 2793 370 2836; x_wconf 90' lang='lat' dir='ltr'><strong>et</strong></span> <span class='ocrx_word' id='word_1_289' title='bbox 378 2787 466 2836; x_wconf 82' lang='lat' dir='ltr'><strong>Palat.</strong></span> <span class='ocrx_word' id='word_1_290' title='bbox 476 2786 573 2837; x_wconf 84' lang='lat' dir='ltr'><strong>dietum</strong></span> <span class='ocrx_word' id='word_1_291' title='bbox 580 2788 652 2839; x_wconf 83' lang='lat' dir='ltr'><strong>alibi.</strong></span> <span class='ocrx_word' id='word_1_292' title='bbox 688 2781 776 2852; x_wconf 78' lang='lat' dir='ltr'><strong>fraenis</strong></span> <span class='ocrx_word' id='word_1_293' title='bbox 788 2782 1059 2845; x_wconf 79' lang='lat' dir='ltr'><strong>iracundia,fluctibue</strong></span> <span class='ocrx_word' id='word_1_294' title='bbox 1067 2790 1218 2848; x_wconf 81' lang='lat' dir='ltr'><strong>computata</strong></span> 
     </span>
     <span class='ocr_line' id='line_1_34' title="bbox 121 2858 1218 2922; baseline -0.005 -7"><span class='ocrx_word' id='word_1_295' title='bbox 121 2864 158 2915; x_wconf 87' lang='lat' dir='ltr'><strong>D.</strong></span> <span class='ocrx_word' id='word_1_296' title='bbox 167 2864 253 2914; x_wconf 82' lang='lat' dir='ltr'><strong>Heim.</strong></span> <span class='ocrx_word' id='word_1_297' title='bbox 688 2858 1043 2922; x_wconf 78' lang='lat' dir='ltr'><strong>abDionysidhlexandrino.</strong></span> <span class='ocrx_word' id='word_1_298' title='bbox 1061 2860 1218 2910; x_wconf 80' lang='lat' dir='ltr'><strong>Claudianus</strong></span> 
     </span>
     <span class='ocr_line' id='line_1_35' title="bbox 153 2928 1217 3004; baseline -0.004 -16"><span class='ocrx_word' id='word_1_299' title='bbox 153 2928 300 3003; x_wconf 63' lang='lat' dir='ltr'><strong>,itidemque</strong></span> <span class='ocrx_word' id='word_1_300' title='bbox 310 2937 420 3000; x_wconf 78' lang='lat' dir='ltr'><strong>eocendt]</strong></span> <span class='ocrx_word' id='word_1_301' title='bbox 444 2937 505 2988; x_wconf 87' lang='lat' dir='ltr'><strong>Huc</strong></span> <span class='ocrx_word' id='word_1_302' title='bbox 517 2939 584 2988; x_wconf 86' lang='lat' dir='ltr'><strong>enim</strong></span> <span class='ocrx_word' id='word_1_303' title='bbox 595 2954 652 3004; x_wconf 89' lang='lat' dir='ltr'><strong>pro·</strong></span> <span class='ocrx_word' id='word_1_304' title='bbox 688 2940 871 3004; x_wconf 79' lang='lat' dir='ltr'><strong>tempestatem</strong></span> <span class='ocrx_word' id='word_1_305' title='bbox 883 2932 958 2997; x_wconf 85' lang='lat' dir='ltr'><strong>fecit,</strong></span> <span class='ocrx_word' id='word_1_306' title='bbox 969 2939 1154 2997; x_wconf 88' lang='lat' dir='ltr'><strong>torrentemve,</strong></span> <span class='ocrx_word' id='word_1_307' title='bbox 1164 2949 1217 2984; x_wconf 89' lang='lat' dir='ltr'><strong>om·</strong></span> 
     </span>
     <span class='ocr_line' id='line_1_36' title="bbox 120 3011 1217 3079; baseline -0.002 -16"><span class='ocrx_word' id='word_1_308' title='bbox 120 3021 199 3079; x_wconf 81' lang='lat' dir='ltr'><strong>perat</strong></span> <span class='ocrx_word' id='word_1_309' title='bbox 210 3014 307 3062; x_wconf 84' lang='lat' dir='ltr'><strong>animus</strong></span> <span class='ocrx_word' id='word_1_310' title='bbox 319 3019 470 3063; x_wconf 87' lang='lat' dir='ltr'><strong>commotus.</strong></span> <span class='ocrx_word' id='word_1_311' title='bbox 487 3014 576 3063; x_wconf 82' lang='lat' dir='ltr'><strong>Bortlt.</strong></span> <span class='ocrx_word' id='word_1_312' title='bbox 688 3011 731 3059; x_wconf 84' lang='lat' dir='ltr'><strong>nia</strong></span> <span class='ocrx_word' id='word_1_313' title='bbox 742 3011 885 3074; x_wconf 87' lang='lat' dir='ltr'><strong>rapientem</strong></span> <span class='ocrx_word' id='word_1_314' title='bbox 897 3025 995 3073; x_wconf 84' lang='lat' dir='ltr'><strong>secum,</strong></span> <span class='ocrx_word' id='word_1_315' title='bbox 1006 3024 1104 3074; x_wconf 86' lang='lat' dir='ltr'><strong>suoque</strong></span> <span class='ocrx_word' id='word_1_316' title='bbox 1117 3011 1217 3075; x_wconf 88' lang='lat' dir='ltr'><strong>impetu</strong></span> 
     </span>
     <span class='ocr_line' id='line_1_37' title="bbox 84 3085 1009 3151; baseline -0.004 -13"><span class='ocrx_word' id='word_1_317' title='bbox 84 3090 90 3101; x_wconf 85' lang='grc'><strong>”</strong></span> <span class='ocrx_word' id='word_1_318' title='bbox 154 3093 204 3138; x_wconf 76' lang='grc'><strong>242</strong></span> <span class='ocrx_word' id='word_1_319' title='bbox 221 3089 298 3138; x_wconf 84' lang='lat' dir='ltr'><strong>Rohie</strong></span> <span class='ocrx_word' id='word_1_320' title='bbox 307 3088 542 3151; x_wconf 75' lang='lat' dir='ltr'><strong>smeermtmuarit]</strong></span> <span class='ocrx_word' id='word_1_321' title='bbox 558 3090 653 3140; x_wconf 88' lang='lat' dir='ltr'><strong>Pecto·</strong></span> <span class='ocrx_word' id='word_1_322' title='bbox 687 3087 902 3150; x_wconf 86' lang='lat' dir='ltr'><strong>pessumdantem.</strong></span> <span class='ocrx_word' id='word_1_323' title='bbox 920 3085 1009 3134; x_wconf 83' lang='lat' dir='ltr'><strong>Bortlt.</strong></span> 
     </span>
     <span class='ocr_line' id='line_1_38' title="bbox 120 3160 1218 3228; baseline -0.003 -13"><span class='ocrx_word' id='word_1_324' title='bbox 120 3165 159 3215; x_wconf 80' lang='lat' dir='ltr'><strong>ris</strong></span> <span class='ocrx_word' id='word_1_325' title='bbox 170 3165 217 3214; x_wconf 86' lang='lat' dir='ltr'><strong>itte</strong></span> <span class='ocrx_word' id='word_1_326' title='bbox 228 3166 299 3228; x_wconf 77' lang='lat' dir='ltr'><strong>regio</strong></span> <span class='ocrx_word' id='word_1_327' title='bbox 319 3163 492 3213; x_wconf 88' lang='lat' dir='ltr'><strong>inflammatur</strong></span> <span class='ocrx_word' id='word_1_328' title='bbox 509 3164 652 3227; x_wconf 86' lang='lat' dir='ltr'><strong>iracundia,</strong></span> <span class='ocrx_word' id='word_1_329' title='bbox 721 3166 770 3211; x_wconf 86' lang='grc'><strong>246</strong></span> <span class='ocrx_word' id='word_1_330' title='bbox 786 3163 880 3211; x_wconf 75' lang='lat' dir='ltr'><strong>Interit</strong></span> <span class='ocrx_word' id='word_1_331' title='bbox 897 3162 1013 3225; x_wconf 80' lang='lat' dir='ltr'><strong>pulmonis</strong></span> <span class='ocrx_word' id='word_1_332' title='bbox 1033 3161 1112 3225; x_wconf 87' lang='lat' dir='ltr'><strong>opem]</strong></span> <span class='ocrx_word' id='word_1_333' title='bbox 1137 3160 1218 3212; x_wconf 84' lang='lat' dir='ltr'><strong>Cordi</strong></span> 
     </span>
     <span class='ocr_line' id='line_1_39' title="bbox 119 3232 1218 3304; baseline -0.001 -14"><span class='ocrx_word' id='word_1_334' title='bbox 119 3237 652 3304; x_wconf 80' lang='lat' dir='ltr'><strong>effervescitqnasi‚etebullit‚venisipsis</strong></span> <span class='ocrx_word' id='word_1_335' title='bbox 689 3232 876 3301; x_wconf 73' lang='lat' dir='ltr'><strong>refrigerando,</strong></span> <span class='ocrx_word' id='word_1_336' title='bbox 902 3237 1034 3302; x_wconf 88' lang='lat' dir='ltr'><strong>calorique</strong></span> <span class='ocrx_word' id='word_1_337' title='bbox 1066 3236 1218 3290; x_wconf 86' lang='lat' dir='ltr'><strong>cohibendo.</strong></span> 
     </span>
     <span class='ocr_line' id='line_1_40' title="bbox 120 3312 766 3378; baseline -0.003 -13"><span class='ocrx_word' id='word_1_338' title='bbox 120 3321 181 3366; x_wconf 89' lang='lat' dir='ltr'><strong>toto</strong></span> <span class='ocrx_word' id='word_1_339' title='bbox 191 3329 301 3378; x_wconf 88' lang='lat' dir='ltr'><strong>corpore</strong></span> <span class='ocrx_word' id='word_1_340' title='bbox 320 3314 441 3364; x_wconf 84' lang='lat' dir='ltr'><strong>incensis.</strong></span> <span class='ocrx_word' id='word_1_341' title='bbox 475 3312 652 3376; x_wconf 79' lang='lat' dir='ltr'><strong>Ovidius‚111&#39;.</strong></span> <span class='ocrx_word' id='word_1_342' title='bbox 690 3315 766 3364; x_wconf 87' lang='lat' dir='ltr'><strong>Idem.</strong></span> 
     </span>
     <span class='ocr_line' id='line_1_41' title="bbox 120 3385 1220 3453; baseline -0.003 -12"><span class='ocrx_word' id='word_1_343' title='bbox 120 3389 213 3441; x_wconf 82' lang='lat' dir='ltr'><strong>Artis:</strong></span> <span class='ocrx_word' id='word_1_344' title='bbox 230 3385 308 3440; x_wconf 84' lang='lat' dir='ltr'><strong>‘Ore</strong></span> <span class='ocrx_word' id='word_1_345' title='bbox 325 3397 427 3440; x_wconf 88' lang='lat' dir='ltr'><strong>tument</strong></span> <span class='ocrx_word' id='word_1_346' title='bbox 435 3390 488 3453; x_wconf 83' lang='lat' dir='ltr'><strong>jra,</strong></span> <span class='ocrx_word' id='word_1_347' title='bbox 504 3389 653 3453; x_wconf 77' lang='lat' dir='ltr'><strong>nigrescunt</strong></span> <span class='ocrx_word' id='word_1_348' title='bbox 721 3392 769 3437; x_wconf 81' lang='grc'><strong>247</strong></span> <span class='ocrx_word' id='word_1_349' title='bbox 786 3387 906 3452; x_wconf 74' lang='lat' dir='ltr'><strong>Proluit]</strong></span> <span class='ocrx_word' id='word_1_350' title='bbox 938 3387 1073 3451; x_wconf 83' lang='lat' dir='ltr'><strong>Exhibuit,</strong></span> <span class='ocrx_word' id='word_1_351' title='bbox 1090 3387 1220 3438; x_wconf 80' lang='lat' dir='ltr'><strong>ministre·</strong></span> 
     </span>
     <span class='ocr_line' id='line_1_42' title="bbox 120 3462 831 3532; baseline -0.007 -15"><span class='ocrx_word' id='word_1_352' title='bbox 120 3467 248 3532; x_wconf 77' lang='lat' dir='ltr'><strong>sangnine</strong></span> <span class='ocrx_word' id='word_1_353' title='bbox 275 3480 358 3528; x_wconf 78' lang='lat' dir='ltr'><strong>vente,</strong></span> <span class='ocrx_word' id='word_1_354' title='bbox 381 3465 490 3514; x_wconf 88' lang='lat' dir='ltr'><strong>Lumina</strong></span> <span class='ocrx_word' id='word_1_355' title='bbox 515 3465 653 3527; x_wconf 78' lang='lat' dir='ltr'><strong>Gorgoneo</strong></span> <span class='ocrx_word' id='word_1_356' title='bbox 690 3462 737 3511; x_wconf 85' lang='lat' dir='ltr'><strong>vit.</strong></span> <span class='ocrx_word' id='word_1_357' title='bbox 755 3465 831 3512; x_wconf 83' lang='lat' dir='ltr'><strong>Idem.</strong></span> 
     </span>
     <span class='ocr_line' id='line_1_43' title="bbox 119 3537 1218 3606; baseline -0.005 -12"><span class='ocrx_word' id='word_1_358' title='bbox 119 3545 216 3594; x_wconf 73' lang='lat' dir='ltr'><strong>setrius</strong></span> <span class='ocrx_word' id='word_1_359' title='bbox 226 3557 311 3606; x_wconf 76' lang='lat' dir='ltr'><strong>angue</strong></span> <span class='ocrx_word' id='word_1_360' title='bbox 322 3539 434 3590; x_wconf 72' lang='lat' dir='ltr'><strong>micant!</strong></span> <span class='ocrx_word' id='word_1_361' title='bbox 450 3539 524 3589; x_wconf 83' lang='lat' dir='ltr'><strong>Idem.</strong></span> <span class='ocrx_word' id='word_1_362' title='bbox 722 3541 771 3586; x_wconf 87' lang='grc'><strong>248</strong></span> <span class='ocrx_word' id='word_1_363' title='bbox 788 3537 841 3586; x_wconf 80' lang='lat' dir='ltr'><strong>stus·</strong></span> <span class='ocrx_word' id='word_1_364' title='bbox 855 3543 938 3588; x_wconf 76' lang='lat' dir='ltr'><strong>cuneta</strong></span> <span class='ocrx_word' id='word_1_365' title='bbox 952 3544 1043 3602; x_wconf 81' lang='lat' dir='ltr'><strong>petens,</strong></span> <span class='ocrx_word' id='word_1_366' title='bbox 1059 3538 1095 3587; x_wconf 77' lang='lat' dir='ltr'><strong>rit</strong></span> <span class='ocrx_word' id='word_1_367' title='bbox 1104 3541 1218 3590; x_wconf 77' lang='lat' dir='ltr'><strong>collatum</strong></span> 
     </span>
     <span class='ocr_line' id='line_1_44' title="bbox 155 3603 1220 3679; baseline -0.004 -11"><span class='ocrx_word' id='word_1_368' title='bbox 155 3616 364 3679; x_wconf 69' lang='lat' dir='ltr'><strong>Rodmsueeertm]</strong></span> <span class='ocrx_word' id='word_1_369' title='bbox 381 3615 503 3667; x_wconf 71' lang='lat' dir='ltr'><strong>ltuenim</strong></span> <span class='ocrx_word' id='word_1_370' title='bbox 514 3613 651 3675; x_wconf 80' lang='lat' dir='ltr'><strong>furorest3</strong></span> <span class='ocrx_word' id='word_1_371' title='bbox 689 3612 783 3677; x_wconf 80' lang='lat' dir='ltr'><strong>cupido]</strong></span> <span class='ocrx_word' id='word_1_372' title='bbox 800 3613 910 3663; x_wconf 88' lang='lat' dir='ltr'><strong>Omnem</strong></span> <span class='ocrx_word' id='word_1_373' title='bbox 930 3629 981 3663; x_wconf 89' lang='lat' dir='ltr'><strong>uno</strong></span> <span class='ocrx_word' id='word_1_374' title='bbox 1000 3614 1101 3662; x_wconf 89' lang='lat' dir='ltr'><strong>nomine</strong></span> <span class='ocrx_word' id='word_1_375' title='bbox 1120 3603 1220 3676; x_wconf 82' lang='lat' dir='ltr'><strong>eupidi-</strong></span> 
     </span>
     <span class='ocr_line' id='line_1_45' title="bbox 120 3688 1219 3755; baseline -0.007 -8"><span class='ocrx_word' id='word_1_376' title='bbox 120 3696 176 3747; x_wconf 89' lang='lat' dir='ltr'><strong>imo</strong></span> <span class='ocrx_word' id='word_1_377' title='bbox 204 3694 291 3746; x_wconf 83' lang='lat' dir='ltr'><strong>liuore</strong></span> <span class='ocrx_word' id='word_1_378' title='bbox 319 3694 439 3743; x_wconf 85' lang='lat' dir='ltr'><strong>atrocior.</strong></span> <span class='ocrx_word' id='word_1_379' title='bbox 488 3692 554 3742; x_wconf 85' lang='lat' dir='ltr'><strong>Cato</strong></span> <span class='ocrx_word' id='word_1_380' title='bbox 584 3692 651 3755; x_wconf 81' lang='lat' dir='ltr'><strong>opud</strong></span> <span class='ocrx_word' id='word_1_381' title='bbox 689 3694 769 3738; x_wconf 79' lang='lat' dir='ltr'><strong>tutem</strong></span> <span class='ocrx_word' id='word_1_382' title='bbox 790 3688 922 3753; x_wconf 84' lang='lat' dir='ltr'><strong>intelligit,</strong></span> <span class='ocrx_word' id='word_1_383' title='bbox 949 3689 1064 3737; x_wconf 83' lang='lat' dir='ltr'><strong>averitiae</strong></span> <span class='ocrx_word' id='word_1_384' title='bbox 1089 3689 1219 3739; x_wconf 86' lang='lat' dir='ltr'><strong>intentum</strong></span> 
     </span>
     <span class='ocr_line' id='line_1_46' title="bbox 119 3765 1218 3832; baseline -0.009 -7"><span class='ocrx_word' id='word_1_385' title='bbox 119 3773 264 3826; x_wconf 65' lang='lat' dir='ltr'><strong>stobrum.</strong></span> <span class='ocrx_word' id='word_1_386' title='bbox 288 3769 331 3819; x_wconf 75' lang='lat' dir='ltr'><strong>riv</strong></span> <span class='ocrx_word' id='word_1_387' title='bbox 347 3767 498 3832; x_wconf 61' lang='grc' dir='ltr'><strong>ὀργιζόμενον</strong></span> <span class='ocrx_word' id='word_1_388' title='bbox 514 3765 595 3830; x_wconf 69' lang='grc' dir='ltr'><strong>νόμιζε</strong></span> <span class='ocrx_word' id='word_1_389' title='bbox 610 3768 654 3818; x_wconf 78' lang='lat' dir='ltr'><strong>roi</strong></span> <span class='ocrx_word' id='word_1_390' title='bbox 690 3765 792 3814; x_wconf 88' lang='lat' dir='ltr'><strong>oculnns</strong></span> <span class='ocrx_word' id='word_1_391' title='bbox 807 3765 915 3822; x_wconf 84' lang='lat' dir='ltr'><strong>hebens,</strong></span> <span class='ocrx_word' id='word_1_392' title='bbox 930 3780 1005 3830; x_wconf 82' lang='lat' dir='ltr'><strong>quam</strong></span> <span class='ocrx_word' id='word_1_393' title='bbox 1021 3765 1218 3815; x_wconf 85' lang='lat' dir='ltr'><strong>alibiscelerum</strong></span> 
     </span>
     <span class='ocr_line' id='line_1_47' title="bbox 120 3830 983 3913; baseline -0.012 -16"><span class='ocrx_word' id='word_1_394' title='bbox 120 3847 262 3913; x_wconf 62' lang='grc' dir='ltr'><strong>μαινομένου</strong></span> <span class='ocrx_word' id='word_1_395' title='bbox 270 3844 347 3910; x_wconf 71' lang='grc' dir='ltr'><strong><em>χρόνῳ</em></strong></span> <span class='ocrx_word' id='word_1_396' title='bbox 357 3841 480 3908; x_wconf 73' lang='grc' dir='ltr'><strong><em>διαφέρειν.</em></strong></span> <span class='ocrx_word' id='word_1_397' title='bbox 690 3848 800 3913; x_wconf 74' lang='lat' dir='ltr'><strong>matrem</strong></span> <span class='ocrx_word' id='word_1_398' title='bbox 808 3848 892 3890; x_wconf 80' lang='lat' dir='ltr'><strong>vocat.</strong></span> <span class='ocrx_word' id='word_1_399' title='bbox 909 3830 983 3890; x_wconf 62' lang='lat' dir='ltr'><strong>idem.</strong></span> 
     </span>
     <span class='ocr_line' id='line_1_48' title="bbox 159 3908 1219 3984; baseline -0.008 -10"><span class='ocrx_word' id='word_1_400' title='bbox 159 3922 289 3984; x_wconf 74' lang='lat' dir='ltr'><strong>Temeneit]</strong></span> <span class='ocrx_word' id='word_1_401' title='bbox 306 3924 389 3970; x_wconf 72' lang='lat' dir='ltr'><strong>Extra</strong></span> <span class='ocrx_word' id='word_1_402' title='bbox 405 3933 433 3967; x_wconf 88' lang='lat' dir='ltr'><strong>se</strong></span> <span class='ocrx_word' id='word_1_403' title='bbox 450 3916 568 3980; x_wconf 80' lang='lat' dir='ltr'><strong>effertur,</strong></span> <span class='ocrx_word' id='word_1_404' title='bbox 585 3918 653 3983; x_wconf 88' lang='lat' dir='ltr'><strong>quod</strong></span> <span class='ocrx_word' id='word_1_405' title='bbox 722 3919 772 3964; x_wconf 86' lang='grc'><strong>249</strong></span> <span class='ocrx_word' id='word_1_406' title='bbox 788 3915 902 3980; x_wconf 76' lang='lat' dir='ltr'><strong>injecur]</strong></span> <span class='ocrx_word' id='word_1_407' title='bbox 925 3908 1007 3966; x_wconf 82' lang='lat' dir='ltr'><strong>Jecur</strong></span> <span class='ocrx_word' id='word_1_408' title='bbox 1024 3914 1098 3964; x_wconf 88' lang='lat' dir='ltr'><strong>sedes</strong></span> <span class='ocrx_word' id='word_1_409' title='bbox 1118 3913 1219 3978; x_wconf 85' lang='lat' dir='ltr'><strong>cupidi·</strong></span> 
     </span>
     <span class='ocr_line' id='line_1_49' title="bbox 120 3991 758 4067; baseline -0.017 -17"><span class='ocrx_word' id='word_1_410' title='bbox 120 4000 214 4067; x_wconf 85' lang='lat' dir='ltr'><strong>pulcre</strong></span> <span class='ocrx_word' id='word_1_411' title='bbox 241 3997 368 4045; x_wconf 88' lang='lat' dir='ltr'><strong>fermento</strong></span> <span class='ocrx_word' id='word_1_412' title='bbox 399 4007 446 4042; x_wconf 85' lang='lat' dir='ltr'><strong>auo</strong></span> <span class='ocrx_word' id='word_1_413' title='bbox 478 3991 655 4057; x_wconf 74' lang='lat' dir='ltr'><strong>prulignrerit</strong></span> <span class='ocrx_word' id='word_1_414' title='bbox 689 4005 758 4041; x_wconf 88' lang='lat' dir='ltr'><strong>uum.</strong></span> 
     </span>
     <span class='ocr_line' id='line_1_50' title="bbox 120 4057 1218 4133; baseline -0.005 -8"><span class='ocrx_word' id='word_1_415' title='bbox 120 4074 243 4126; x_wconf 83' lang='lat' dir='ltr'><strong>Plantas.</strong></span> <span class='ocrx_word' id='word_1_416' title='bbox 259 4072 348 4122; x_wconf 83' lang='lat' dir='ltr'><strong>Bortt.</strong></span> <span class='ocrx_word' id='word_1_417' title='bbox 724 4063 825 4118; x_wconf 75' lang='lat' dir='ltr'><strong>Troclea</strong></span> <span class='ocrx_word' id='word_1_418' title='bbox 846 4066 915 4131; x_wconf 87' lang='lat' dir='ltr'><strong>imos]</strong></span> <span class='ocrx_word' id='word_1_419' title='bbox 938 4067 1065 4133; x_wconf 78' lang='lat' dir='ltr'><strong>Relegata</strong></span> <span class='ocrx_word' id='word_1_420' title='bbox 1086 4057 1218 4120; x_wconf 84' lang='lat' dir='ltr'><strong>inlocum</strong></span> 
     </span>
    </p>
   </div>
   <div class='ocr_carea' id='block_1_3' title="bbox 156 4125 869 4213">
    <p class='ocr_par' dir='ltr' id='par_1_3' title="bbox 156 4125 869 4213">
     <span class='ocr_line' id='line_1_51' title="bbox 156 4125 869 4213; baseline -0.014 -9"><span class='ocrx_word' id='word_1_421' title='bbox 156 4144 583 4213; x_wconf 59' lang='lat' dir='ltr'><strong>memoriammemorial]</strong></span> <span class='ocrx_word' id='word_1_422' title='bbox 598 4145 655 4200; x_wconf 75' lang='lat' dir='ltr'><strong>Pri·</strong></span> <span class='ocrx_word' id='word_1_423' title='bbox 674 4125 869 4208; x_wconf 71' lang='lat' dir='ltr'><strong>indigniorem.</strong></span> 
     </span>
    </p>
   </div>
   <div class='ocr_carea' id='block_1_4' title="bbox 473 4372 492 4419">
    <p class='ocr_par' dir='ltr' id='par_1_4' title="bbox 473 4372 492 4419">
     <span class='ocr_line' id='line_1_52' title="bbox 473 4372 492 4419; baseline 0 -10"><span class='ocrx_word' id='word_1_424' title='bbox 473 4372 492 4419; x_wconf 69' lang='lat' dir='ltr'><strong>„r</strong></span> 
     </span>
    </p>
   </div>
   <div class='ocr_carea' id='block_1_5' title="bbox 0 0 1354 4702">
    <p class='ocr_par' dir='ltr' id='par_1_5' title="bbox 0 0 1354 4702">
     <span class='ocr_line' id='line_1_53' title="bbox 0 0 1354 4702; baseline 0 0"><span class='ocrx_word' id='word_1_425' title='bbox 0 0 1354 4702; x_wconf 95' lang='lat' dir='ltr'><strong> </strong></span> 
     </span>
    </p>
   </div>
  </div>
 </body>
</html>
