2700 4702
548 325 800 377 rascnnmus.
956 283 1022 325 ¹·
1135 308 1222 375 1391

124 487 255 524 mansura.
271 471 347 523 idern.
691 468 834 532 Vulgatum
846 470 1017 517 reotctnatur
1035 465 1161 516 Barthius
1186 467 1222 514 D.

156 554 187 600 tu
206 546 364 610 Tomjcuris
373 544 490 610 mulus]
505 546 656 596 Tamarcta
693 546 780 595 Heius.

124 626 230 690 copula.
246 625 322 676 Idem.
724 621 795 670 Alter
815 618 948 682 virgineus]
974 619 1071 666 Lanam
1090 613 1224 665 nobilitari

155 707 187 752 19
204 698 298 762 Edere]
320 699 386 751 Quae
404 698 431 747 in
451 698 598 760 exemplum
612 696 656 745 du·
693 711 815 760 purpurae
825 696 938 743 tinctura
949 693 1020 742 clara
1029 707 1070 740 res
1082 699 1122 740 est
1134 705 1167 740 ex
1177 691 1224 738 im·

120 776 300 828 citnratrictae
311 773 475 838 alligationis.
492 772 568 820 luem.
692 771 762 821 mani
790 771 884 834 pretio,
905 777 933 819 et
961 770 1032 830 regia
1060 767 1224 828 omniumque

153 857 186 901 al
206 852 311 907 Querela
320 849 391 913 alite]
413 848 564 900 columbam
575 846 658 897 dicite
693 861 790 896 summa
801 846 927 910 dignitate
936 844 993 908 ejus
1004 843 1105 891 coloris.
1123 843 1157 890 Et
1166 841 1223 890 hec

120 927 197 990 cujus
211 928 239 976 in
251 927 327 975 rebus
346 939 461 974 amorum
478 925 572 973 crebra
586 937 656 972 meu-
694 926 777 989 prima
795 931 834 974 cst
856 924 978 972 nobilitas
1000 922 1054 969 sivc
1077 919 1224 969 nobilitatio

120 1003 169 1066 tio,
188 1002 224 1052 ob‘
240 1002 444 1065 simplicitatem,
460 1001 618 1061 castitatem,
629 1007 656 1049 et
693 1007 783 1051 stratae
795 1001 820 1049 in
830 1001 898 1048 lecto
912 999 980 1061 regio
991 1011 1122 1060 purpure.
1153 994 1226 1043 Alte-

118 1080 297 1131 constantiam
305 1079 451 1128 dilectionis
459 1084 566 1138 mutum,
575 1077 656 1126 inhoc
693 1092 748 1126 ram
760 1075 928 1140 supervenire
942 1073 1099 1122 Claudianus
1112 1070 1149 1120 ait
1160 1069 1225 1120 tinc-

119 1166 218 1218 genere
231 1155 285 1203 avis
302 1160 471 1203 contestatas.
505 1153 557 1200 Hic
571 1151 655 1205 dous·
693 1152 798 1211 tionem,
809 1151 842 1198 do
855 1149 972 1211 virginali
986 1149 1109 1209 sangnine
1120 1145 1224 1207 Mariis,

119 1230 187 1279 culis
199 1235 228 1278 et
239 1228 361 1277 suavibus
377 1226 653 1276 admurmurationibus
688 1227 745 1289 jam
758 1225 898 1288 Augustae:
916 1225 989 1287 cujus
1001 1230 1131 1271 servatum
1148 1227 1224 1271 tanto

119 1307 203 1354 solum
225 1319 308 1353 sermo
330 1310 381 1353 est.
421 1303 521 1352 Eodem
541 1296 655 1365 pertinet
693 1300 888 1365 sponsoflorem
908 1299 1041 1360 pudicitie
1059 1296 1107 1346 hac
1122 1297 1224 1347 ratione

119 1395 211 1429 versus
224 1377 314 1441 optimi
324 1379 436 1426 auctoris
449 1378 535 1439 prisci,
543 1378 655 1426 Cn.Ma·
692 1378 856 1426 commendat
875 1376 968 1424 Poeta.
1001 1376 1049 1424 Est
1064 1381 1151 1423 autem
1168 1387 1225 1421 san·

109 1455 167 1504 tii:
195 1453 445 1516 ‘Columbatimque
472 1451 547 1500 labra
568 1466 654 1500 conso·
693 1453 758 1514 giris,
778 1453 822 1515 qui
838 1452 948 1514 primum
968 1451 1085 1514 sequitur
1105 1446 1225 1498 concubi·

119 1526 288 1579 renalabris.'
322 1528 393 1576 Hinc
413 1532 499 1576 autern
518 1527 654 1589 columbari,
693 1536 756 1588 tum,
767 1529 847 1577 index
862 1528 1017 1591 virginitatis
1036 1527 1129 1576 marito
1140 1538 1226 1574 serva·
1304 1535 1306 1539 ’

119 1619 168 1668 pro
185 1604 280 1652 labella
298 1603 472 1652 columbarum
483 1616 553 1650 more
565 1615 654 1651 conse·
693 1608 736 1663 tae,
748 1603 825 1651 ctiam
837 1604 863 1649 in
876 1603 957 1649 sacris
968 1602 1060 1649 literis.
1077 1601 1166 1650 Bartir.

118 1693 191 1728 rere.
209 1680 283 1727 Idem.
725 1684 757 1728 28
778 1677 870 1740 Victor]
886 1679 966 1727 Velut
976 1691 1067 1739 magns
1075 1678 1160 1741 aliqua
1171 1678 1226 1726 lue·

80 1768 83 1772 ·
152 1759 188 1803 22
203 1754 305 1814 linguis
316 1753 408 1801 assidue
417 1753 520 1816 reddite]
545 1753 653 1816 Linguae
693 1762 721 1804 ta
732 1756 857 1804 eluctata.
892 1753 1026 1801 Madidum
1039 1751 1169 1801 torumob
1186 1766 1225 1802 su·

118 1843 173 1878 non
186 1830 276 1878 otiosae
290 1829 315 1876 in
326 1810 364 1876 his
377 1827 482 1877 Amoris
493 1828 654 1877 colluctatio·
693 1831 781 1879 dorem
794 1830 858 1891 dicit
870 1836 995 1878 mutuum.
1013 1829 1086 1878 Idem.

118 1905 206 1955 nibus.
223 1904 298 1953 Idem.
353 1910 358 1919 “
725 1909 758 1954 29
775 1905 892 1954 Nocturni
908 1905 1005 1953 onlnem
1021 1903 1111 1967 praelir]
1136 1903 1225 1954 Ade-

152 1979 258 2040 Linguis
268 1979 361 2028 conduc
371 1979 462 2027 reddite
472 1977 571 2041 mutuis]
589 1979 655 2027 Assi-
692 1981 816 2032 tendente
836 1983 945 2046 primum
964 1996 1130 2044 congressum
1146 1981 1226 2045 virgi·

116 2057 167 2104 duo
187 2056 285 2118 scriptix
301 2055 425 2117 plerique.
447 2054 532 2103 malim
551 2054 655 2107 assidunt
694 2073 735 2109 ne.
762 2059 894 2114 Catullus:
912 2050 1224 2107 ‘Dulcianoctumaere-

118 2132 380 2181 nt1v.Cons.Hon.
401 2131 462 2178 ‘Sis
482 2144 575 2193 precor
593 2130 655 2178 assi·
692 2131 777 2182 ferens
795 2133 994 2196 vestigiorum,
1013 2133 1079 2184 Ques
1094 2132 1128 2180 dc
1148 2131 1225 2196 virgi·

118 2205 188 2256 dnus
199 2207 293 2255 Consul
304 2207 320 2254 :’
339 2213 418 2269 atque
436 2206 474 2255 ita
492 2205 587 2267 primus
605 2206 655 2254 Va·
693 2213 748 2261 neis
759 2219 876 2275 gesserat
888 2211 1003 2260 exuviis?
1018 2210 1093 2259 Idem.

119 2281 203 2330 tican.
224 2288 251 2329 et
274 2283 378 2329 Fames.
403 2281 443 2329 Cl.
463 2280 609 2330 Gronovius
628 2281 655 2328 in
725 2292 755 2337 31
771 2288 849 2337 turha
859 2285 978 2348 licentior]
994 2286 1024 2334 Iu
1033 2287 1118 2349 jocos,
1131 2285 1223 2350 quibus

120 2355 368 2417 Observationibus,
396 2356 523 2404 ‘assiduis
552 2356 655 2405 reddite
693 2363 989 2424 Fescenninaconstant‚
998 2363 1082 2425 palam
1091 2363 1223 2428 libereque

118 2432 230 2481 mutui:'
253 2432 381 2495 quomodo
401 2447 433 2480 ex
453 2433 546 2480 nostris
566 2432 654 2482 Junia-
694 2437 797 2488 effusos,
815 2438 889 2489 mm,

119 2521 186 2557 uns:
203 2507 317 2570 quinque
335 2507 388 2568 alii,
406 2507 535 2555 ‘assiduis
552 2507 655 2555 reddite
725 2517 756 2562 uu
765 2513 852 2561 Ludite
860 2514 958 2575 milites]
968 2515 1006 2563 Ut
1016 2512 1225 2575 praesente'aem-

119 2582 238 2642 mutuis:
262 2584 377 2645 proxime
398 2581 576 2643 conjecturam
599 2596 655 2630 nos·
693 2601 740 2652 per
750 2589 864 2637 exercito
881 2591 1013 2650 loquitur:
1032 2597 1059 2638 et
1070 2590 1130 2652 quis
1138 2591 1222 2639 nescit

120 2664 204 2707 tram:
222 2672 269 2720 pro
287 2658 376 2706 mutuis
394 2664 494 2719 sepiem
507 2658 584 2704 eiiam
596 2672 654 2704 tum·
693 2663 792 2712 urbana
804 2670 890 2710 castra
902 2659 1072 2723 Principum?
1097 2664 1173 2711 Idem.

119 2733 180 2781 ciis:
197 2733 332 2780 noumnle.
365 2732 489 2794 Sequenti
511 2745 586 2779 versu
604 2733 656 2779 nui·
724 2743 756 2787 85
776 2739 869 2787 insonet
889 2736 984 2796 mlum]
1012 2737 1081 2795 Divo
1103 2738 1170 2786 enim
1194 2746 1223 2789 et

119 2822 187 2857 mm
199 2822 247 2869 pro
264 2808 367 2856 animum
384 2814 454 2855 recte
470 2808 537 2855 idem
555 2808 655 2856 Grono·
691 2814 784 2862 Mundi
794 2813 911 2875 principi
923 2814 1014 2861 coelum
1027 2819 1053 2861 et
1070 2820 1165 2862 terram
1177 2805 1223 2877 a'p.

120 2884 196 2931 vius:
217 2882 274 2930 vide
286 2891 360 2930 notas
377 2882 410 2929 ad
428 2884 540 2945 Epithal.
552 2883 655 2934 Pallad.
692 2891 815 2952 plaudere
827 2894 951 2937 autumat.
976 2888 1045 2936 Illud
1057 2889 1097 2936 liic
1107 2889 1132 2936 iu
1144 2888 1223 2939 duem

119 2972 162 3009 vs.
176 2961 232 3006 132.
249 2957 283 3005 D.
292 2949 377 3007 Heius.
691 2965 781 3013 harum
808 2963 934 3023 Odarnm,
956 2977 1105 3012 asseverare
1131 2963 1224 3027 ausim,

155 3038 189 3082 23
206 3033 318 3082 Animum
328 3033 518 3095 conciliantibus]
542 3033 655 3097 Epithal.
692 3040 788 3089 nullum
800 3039 905 3101 politius
916 3045 943 3087 et
954 3039 1091 3102 gratiosius
1101 3039 1223 3102 Lyrlcum

121 3110 252 3160 Palladii:
279 3110 396 3158 ‘Oscula
419 3110 488 3157 mille
506 3117 607 3169 sonent,
626 3110 656 3158 li·
693 3131 796 3166 carmen
810 3116 842 3164 ab
854 3115 956 3163 Horatii
966 3130 1113 3179 usqueaevo
1124 3115 1156 3163 ad
1165 3129 1224 3165 nos.

121 3193 233 3234 vescant
253 3185 358 3233 brachia
377 3200 455 3246 nexu,
472 3187 555 3234 Labra
575 3187 656 3248 ligent
694 3201 759 3240 trum
770 3192 928 3254 pervenisse,
939 3206 1014 3254 quam
1026 3200 1084 3239 sunt
1097 3191 1224 3241 irucFes·

120 3263 240 3314 animos!
272 3264 331 3312 Tria
350 3264 376 3310 in
396 3276 440 3310 ore
452 3264 577 3311 amatorio
589 3278 656 3312 com·
675 3307 677 3311 .
693 3269 808 3317 cenniua.
827 3269 900 3317 Idem.

121 3338 290 3402 moneantur,
317 3336 428 3400 ὄνατνθῆ,
451 3337 529 3400 φωνὴ,
555 3336 655 3400 φίλημα·
704 3339 927 3404 dissenciencium]
945 3342 1113 3391 Intouctunus
1126 3341 1222 3394 Medic.

126 3414 216 3465 Bautis.
694 3419 890 3481 quatuordecim
918 3418 1020 3481 scripti,
1046 3417 1150 3466 cnutus.
1184 3417 1222 3466 D.

155 3493 190 3539 27
218 3490 288 3537 Alter
306 3488 428 3550 virgineus
448 3489 557 3538 nobilitet
578 3489 657 3552 cruor]
694 3493 786 3542 Heius.

122 3567 197 3617 Cave
215 3578 276 3614 cum
295 3564 349 3613 viro
371 3565 449 3614 docto
469 3566 518 3614 alte
537 3579 657 3629 reponas.
