2700 4702
474 353 514 402 ru
540 350 718 402 auriana
742 350 816 401 ura.
838 350 865 401 t.
1132 331 1219 403 leot

124 497 207 548 truci!
690 494 814 556 Sequenti
827 507 903 541 versu
916 491 1002 542 Oxou.
1014 497 1041 542 ct
1052 491 1149 556 Regius
1158 492 1222 556 pert·

116 578 121 604 ³
156 570 292 634 Fraxinus]
318 573 459 622 Hastarum
482 587 556 622 omne
573 588 653 634 genna
690 577 826 632 tarus‚uon
839 571 962 633 perituro.-
978 570 1047 635 quod
1063 584 1113 619 uon
1132 563 1222 634 dispil·

125 650 198 698 nnius
217 663 307 697 carum
327 663 373 696 osu
390 649 541 697 excellentis
558 649 654 696 arboris
692 655 749 696 ret:
775 662 859 711 neque
879 648 955 695 aliter
978 646 1053 710 prim.
1076 644 1221 695 Vaticanus

117 725 220 788 ”posuit
254 724 390 788 Papinius,
423 725 549 774 lih.v1.:
573 724 654 772 ‘belli
693 739 804 773 amaon
824 723 945 772 scerruda.
977 725 1087 771 Versum
1108 722 1223 786 proxime

128 799 485 863 poturacrnoresi'raxinus.'
504 802 590 849 Barth.
693 808 841 864 sequentem
862 814 911 847 riou
934 799 1224 862 immeritosuspeetutn

121 904 125 909 -
158 881 207 926 219
225 876 375 924 Noaocntaa
388 881 493 938 quateret
507 876 606 939 puppes]
623 875 656 925 Α·
693 880 771 927 habet
782 879 913 927 Burthius.
931 878 963 926 D.
976 876 1063 925 lleiss.

129 953 221 1021 varitia
248 953 408 1014 excogitavit
442 954 524 1001 maria
551 953 657 1015 risvigiis
726 958 774 1003 223
794 954 891 1002 Foedere
903 952 1012 1014 dextras]
1025 953 1129 1014 Manus,
1141 957 1170 1001 ut
1182 965 1225 999 no·

119 1029 283 1092 transgredi,
293 1035 444 1077 mercaturae
456 1029 546 1091 gratia
556 1045 563 1088 3
581 1043 656 1092 quam
695 1032 755 1080 stris
762 1031 875 1080 moribus
882 1029 966 1087 hodic,
976 1030 1012 1076 sie
1022 1027 1113 1091 priscis
1124 1040 1227 1091 quoque

131 1105 197 1155 inter
214 1119 318 1154 caussas
335 1104 448 1153 turbatae
463 1104 523 1152 sita
540 1105 658 1152 humanae
695 1107 799 1169 seculis,
810 1106 870 1154 tidei
887 1111 914 1154 ct
931 1105 1050 1153 atnicitios
1063 1102 1227 1166 sponsionem

120 1183 262 1246 ponebant
269 1183 311 1229 vel
319 1182 454 1229 maximam
463 1188 572 1229 veteres.
586 1182 658 1228 idem.
696 1183 768 1234 facit.
806 1183 902 1232 Fodero
919 1183 962 1230 hic
982 1181 1047 1229 dicit
1062 1178 1229 1240 Claudianus,

161 1261 211 1306 220
230 1256 354 1305 Crescebat
366 1259 478 1305 acclama
495 1257 560 1319 abis]
578 1255 660 1303 Paes-
697 1261 756 1325 qnia
764 1261 913 1322 juramenta
925 1257 1043 1305 manibus
1061 1256 1129 1304 datis
1145 1253 1233 1304 couci·

132 1338 172 1382 tus
181 1333 216 1381 de
225 1332 316 1381 eadem
326 1333 483 1394 cupiditate:
502 1333 584 1395 ‘Spes
593 1332 662 1380 iuter
699 1337 844 1400 piebanrur.
872 1334 960 1383 Baetis.

122 1409 187 1458 ¹liaeo
209 1409 282 1457 nulla
301 1408 429 1471 predonis
453 1408 590 1470 explendi:
612 1423 661 1458 uec
731 1417 779 1461 224
796 1411 883 1474 Semel]
912 1409 1070 1473 Aliquando.
1087 1407 1230 1471 Virgilius:

120 1485 211 1544 enim,
223 1489 253 1531 nt
264 1489 357 1531 natura
365 1481 423 1540 fert,
434 1485 536 1545 copiam
555 1485 662 1533 satietas
700 1490 804 1538 ‘Semel
823 1488 958 1536 infamem
979 1496 1051 1536 vasto
1070 1487 1165 1535 vidisse
1183 1485 1231 1535 sub

124 1559 309 1623 sequebatur:
326 1558 459 1606 crescebat
474 1559 558 1608 indies
568 1560 664 1608 haben·
686 1573 775 1613 'antro
805 1563 934 1627 Scyllam!
960 1563 1031 1611 Tanti
1057 1570 1098 1612 tot
1120 1563 1234 1626 signant.

123 1639 159 1688 *di
170 1638 264 1699 fames,
277 1644 305 1685 et
316 1637 420 1700 parandi
435 1637 533 1685 rabiem
546 1644 620 1700 parta
631 1639 664 1687 ir·
703 1641 776 1689 idem.

123 1713 266 1764 titubant!
301 1713 352 1763 Qun
371 1711 438 1760 idem
457 1727 516 1760 mox
533 1713 664 1776 Charybdi
695 1737 699 1742 -
733 1718 782 1762 aad
800 1714 861 1768 eree
878 1714 912 1761 sic
930 1714 1013 1762 Getuli
1026 1712 1118 1774 jaculo]
1147 1713 1234 1760 Getrrlc

126 1796 281 1856 comparat,
302 1798 331 1840 ut
347 1798 437 1839 noster
456 1806 533 1855 supra
560 1792 665 1855 Pelago.
703 1789 820 1850 legebam
833 1788 910 1837 olim:
934 1801 1001 1835 nunc
1020 1789 1106 1850 placet
1124 1788 1235 1836 Bononi-

136 1868 222 1917 AEtnae
231 1867 450 1915 Boernins2‘sm
460 1869 553 1915 saevior
564 1867 666 1929 ignibus
707 1867 774 1915 ensis
801 1866 861 1913 libri
889 1867 976 1929 lectio,
1002 1867 1098 1927 gentili.
1141 1865 1237 1914 Getulis

136 1943 220 1992 AEtnae
232 1942 346 1990 Ferreus
362 1941 443 1990 Amor
454 1941 530 1990 ardet
541 1939 668 1989 habendi!
705 1943 970 2005 Rottendorphianus.
989 1942 1110 1992 Juvenal.
1125 1941 1237 1990 Satur.

136 2017 280 2066 Sceleratum
290 2019 359 2065 sitim¹
372 2017 477 2079 impiam
493 2024 519 2065 et
531 2017 667 2065 ahirorreu·
706 2019 739 2067 de
753 2018 863 2079 Oronte,
878 2018 1003 2080 ‘gentilia
1015 2025 1138 2080 tympana
1150 2030 1237 2064 secum

137 2101 190 2143 tem
203 2092 358 2142 acommuni
369 2093 424 2140 rita
435 2098 519 2140 vocat.
536 2093 611 2140 litem
708 2093 806 2143 vexit!
842 2093 942 2141 Seneca
964 2092 1081 2140 Hercule
1104 2093 1163 2139 Fur.
1180 2091 1237 2139 ‘Te

169 2175 218 2220 221
237 2169 350 2231 Petendt]
373 2167 535 2231 APriucipe
552 2167 669 2215 nimirum
707 2184 792 2218 ramus
804 2169 867 2217 oleae
884 2167 977 2215 fronde
988 2167 1078 2228 gentili
1091 2165 1238 2228 tegat'lhe·

139 2245 263 2297 Arcadio.
281 2246 354 2294 ldem.
708 2261 752 2294 scu
763 2244 779 2293 ι’
794 2244 903 2306 populari
926 2242 1036 2290 Ovidius
1059 2241 1190 2289 dixisset:
1211 2247 1240 2289 ut

128 2344 131 2351 ·
153 2317 156 2322 ’
171 2327 223 2372 222
240 2320 365 2382 Periuria]
384 2320 523 2369 Hominem
539 2317 672 2382 Relptrltli·
709 2322 753 2371 lib.
765 2334 813 2369 vrr.
826 2321 891 2367 Met.
911 2318 943 2366 de
962 2318 1093 2381 Cephalo:
1113 2318 1240 2363 ‘ramum-

140 2413 179 2447 cae
193 2399 220 2445 in
231 2403 307 2461 parte
320 2397 368 2444 sibi
381 2395 515 2444 commissa
532 2393 672 2457 praesiden-
710 2413 759 2462 que
770 2397 855 2445 ferens
875 2394 1006 2458 popularis
1025 2391 1117 2442 olivae!
1141 2391 1241 2440 thssae

139 2483 195 2524 tem
208 2474 318 2522 maxime
328 2475 376 2522 hoc
385 2487 464 2536 genus
472 2471 589 2519 dedecet.
600 2470 672 2518 idem.
711 2475 835 2537 Stephani
863 2473 938 2533 bene,
976 2471 1091 2530 Gentitis,
1125 2466 1244 2528 ὁμοεθνὴς.

126 2571 133 2579 ·
173 2550 290 2610 Pett‘mld
308 2549 382 2597 ”cclii
402 2547 546 2608 Blanditiis]
574 2546 617 2593 lla
629 2544 673 2593 ΑΙ·
711 2553 881 2601 Nemesianus
909 2551 1078 2612 Cynegetieo,
1107 2548 1171 2596 ‘Sit
1192 2546 1242 2594 tibi

142 2626 198 2684 (1118,
210 2634 239 2675 el
250 2639 338 2673 ⁰m¹¹⁰³
351 2624 449 2686 scripti,
460 2638 510 2671 ⁰¹¹⁰
522 2623 620 2671 Mot'eil
631 2636 673 2668 ex·
712 2632 841 2689 praeterea
861 2625 972 2687 sonipes,
994 2623 1144 2670 lllaurnsica
1165 2622 1243 2670 tellus

131 2703 269 2767 ‘cept0,ln
290 2701 438 2765 quonatrit.
474 2699 566 2761 Vulgo,
585 2700 674 2746 mittel-
713 2703 797 2752 erctn
818 2699 909 2759 mittit,
931 2699 1011 2746 modo.
1023 2699 1057 2745 sit
1075 2698 1165 2758 gentili
1186 2711 1244 2743 sau·

143 2781 188 2829 Sic
208 2777 278 2842 apud
296 2777 418 2835 Statium,
437 2775 520 2823 Theb.
536 2789 576 2822 a:
593 2772 674 2835 ‘quid
715 2774 899 2839 guinefirmus!
915 2772 1074 2829 Ammianus,
1086 2772 1245 2819 librorum:

144 2857 224 2917 longa
238 2854 312 2902 malis
326 2852 434 2901 exordia
444 2851 541 2901 necto!
554 2850 610 2899 Lib.
622 2863 675 2898 rx.:
715 2852 906 2912 ‘Occuparuut
929 2848 1038 2896 latibula
1060 2848 1245 2906 Sarmatarum,

144 2929 254 2981 ‘Graiis
275 2927 436 2991 Sidoniisque
463 2927 536 2975 simul
555 2925 678 2974 nectebat
717 2923 1248 2991 quosrepentinusfeiellitaspectus‚gen·

145 3005 240 3055 funera
258 3003 382 3054 Mavors!
410 3003 466 3051 Lib.
486 3015 547 3050 vrrr.
562 3018 568 3050 ι
586 3001 680 3050 ‘Talia
718 3004 777 3052 tiles
789 3003 885 3050 lembos
898 3010 924 3049 et
933 2999 1037 3060 remigia
1047 2994 1247 3058 conspicantes!

146 3083 303 3140 nectebant,
316 3079 402 3129 subito
414 3094 472 3128 enm
484 3079 558 3141 pigra
569 3078 681 3125 tumultu
719 3076 958 3128 ‘Gentilefretum’
983 3076 1082 3123 Statius
1098 3072 1250 3121 Stureotiuo

147 3156 267 3220 Expavit
278 3157 367 3203 dornrrs
377 3153 393 3202 :'
405 3155 441 3202 ita
452 3155 571 3202 meliores
581 3152 682 3213 scripti,
720 3155 795 3202 Pollii
807 3170 813 3200 :
835 3160 862 3201 et
885 3152 1000 3200 Hercule
1021 3147 1181 3209 Surrentino,
1196 3149 1203 3174 ‘
1215 3147 1249 3195 ri-

147 3234 336 3294 noujoctobuut.
359 3231 518 3282 Achilleidos
529 3235 680 3279 r.vs.186.:
709 3231 817 3293 detque
835 3228 946 3293 benigna
967 3227 1133 3288 Parthenope
1152 3223 1250 3286 gentile

148 3313 238 3362 ‘Tum
250 3311 331 3359 libare
343 3310 424 3372 dapes
439 3309 611 3368 Baccheaque
630 3320 683 3352 mir·
722 3305 847 3354 sacrum?
875 3305 935 3369 quia
963 3303 1044 3352 Graia
1069 3302 1251 3362 Parthenope:

149 3405 216 3439 nera
239 3389 333 3438 Chiron
354 3387 431 3447 Orat,
442 3392 469 3433 et
481 3385 601 3433 attonitae
613 3383 685 3430 varia
721 3381 822 3442 gentiles
840 3385 910 3428 terren
926 3377 1070 3426 hominibus
1083 3381 1210 3438 respectu·
1221 3389 1255 3422 ae·

140 3464 330 3515 obtecmmtna
348 3469 465 3522 necteus,
478 3460 557 3508 Elicit
567 3464 684 3507 extremo
723 3455 808 3518 queris
827 3452 1012 3516 Propemptico
1039 3451 1116 3499 Metii
1136 3450 1252 3497 Celeris:

152 3540 250 3603 chelyn
260 3538 277 3586 :’
292 3538 329 3585 ita
341 3537 506 3597 castigatam,
526 3532 594 3596 quod
606 3533 632 3580 in
645 3546 686 3579 vc·
722 3531 849 3592 ‘Smyrna
861 3528 909 3576 tibi
921 3528 1016 3590 gentile
1036 3525 1126 3573 solum’
1149 3524 1255 3572 Pietate

153 3614 206 3663 teri
225 3612 316 3661 codice
336 3609 572 3672 deprehendissem,
598 3606 686 3653 attoni·
725 3604 844 3663 Etrusci3
855 3611 933 3667 atque
943 3604 978 3650 ita
990 3603 1033 3649 ille
1043 3600 1150 3649 infinitis
1162 3611 1256 3660 prope·

153 3695 205 3738 turn
214 3686 284 3736 corin
292 3686 444 3734 obieetominu
455 3689 557 3742 moene,
568 3696 624 3730 enm
634 3680 687 3728 vidi
726 3680 828 3728 modum
840 3680 912 3728 locis.
946 3677 1107 3740 Calpurnius,
1127 3675 1215 3735 Eclog.
1225 3685 1257 3721 ιι.

143 3779 197 3813 tue
216 3769 378 3826 praesentum
397 3768 473 3824 gristn
487 3759 605 3807 Statiano
623 3757 689 3806 Gro-
727 3757 797 3803 ‘nou
809 3754 918 3818 gentilia
928 3753 1010 3816 poma'
1028 3759 1113 3811 vocat,
1124 3750 1199 3813 quae‘
1213 3747 1258 3796 ad·

145 3839 224 3889 monii
247 3839 336 3886 nostri.
368 3838 463 3900 Vulgo,
479 3834 605 3884 attonitum
622 3833 689 3881 eamn
727 3831 821 3895 optiva'
836 3845 885 3879 nou
897 3844 946 3877 uno
956 3831 1012 3878 loco
1030 3826 1205 3886 Ovidius,hoe
1215 3829 1259 3873 est

156 3915 310 3965 oblectamine
328 3915 444 3962 mulcens:
468 3911 535 3974 quod
555 3909 619 3958 ferri
639 3923 690 3956 nou
729 3909 843 3967 insitiva,
863 3903 1076 3955 etexarboreiu
1092 3914 1260 3964 quanascuu-

158 3997 257 4055 potest,
266 4004 323 4038 cnm
333 3993 429 4050 pectora
437 3987 537 4034 rrrnlccns
545 3986 622 4049 paulu
631 3992 691 4033 aute
730 3992 773 4034 tur
800 3985 923 4046 originem
946 3996 995 4029 nou
1020 3979 1149 4028 ducentia.
1175 3977 1261 4027 ‘Non

146 4065 350 4132 praecessisset:
375 4064 412 4112 sie
433 4066 557 4110 ‘nectere
580 4059 692 4109 fraudcs'
731 4062 814 4109 minos
832 4066 888 4106 arte
910 4071 967 4105 mea
983 4055 1114 4104 mutabilis
1126 4053 1211 4103 induit
1222 4068 1262 4103 ar-

146 4144 231 4208 attio,
246 4143 375 4190 ‘nectere
397 4137 477 4189 dolos’
503 4138 589 4199 Livio,
613 4141 694 4186 ‘uec·
733 4135 781 4183 bor
799 4134 907 4195 Ignotus
926 4129 1033 4178 inundes
1050 4136 1077 4177 et
1092 4127 1264 4192 nongentilla

145 4219 218 4273 ‘tete
240 4216 324 4270 nefas'
342 4216 402 4268 Val.
422 4215 534 4266 Flacco:
554 4213 695 4264 etsimilia.
734 4210 828 4276 ponta!
861 4208 982 4258 ltaenius
995 4204 1159 4258 scribendum
1175 4218 1264 4256 ox‘au·
1322 4226 1325 4245 ι
