2700 4702
419 313 564 363 usuros
590 284 768 362 uuosuue.
794 313 866 364 orn.
891 313 946 365 ru.
1148 297 1234 362 rorr

130 457 289 536 Reddite,
307 459 510 523 vociferans:
534 477 600 520 non
616 479 666 521 mc
682 477 788 538 vagus
803 458 907 521 edidit
921 457 1048 520 amuis:
1166 456 1231 520 27⁰

128 559 207 623 Non
224 562 401 644 Dryadum
416 559 457 623 de
472 561 567 642 plebe
583 578 713 622 sumus:
738 559 852 621 turrita
868 559 1001 639 Cybebe

130 661 341 744 Mequoque
358 662 503 724 Saturno
519 660 646 739 genuit.
692 658 771 735 Quo
783 659 861 741 jura
880 659 1036 733 Deorum,

131 762 206 839 Quo
220 764 313 844 leges
329 763 441 826 abiere
456 762 525 843 poli
538 761 552 822 l
576 759 666 836 Quid
683 759 794 823 vivere
809 767 895 822 recte

130 863 285 927 Proderit
299 865 313 926 l
359 862 410 924 En
426 861 528 924 audet
542 862 612 924 noti
629 859 792 943 Cytherea
805 861 942 943 pudoris

130 963 305 1029 Ostentare
320 983 404 1027 suos
420 967 499 1046 post
515 962 651 1025 Lemnia
668 964 799 1026 vincula
814 964 935 1027 vultus.
1165 963 1230 1027 275

129 1065 201 1128 Hos
216 1067 351 1129 animos
366 1067 473 1128 bouus
487 1065 542 1127 ille
557 1082 660 1144 sopor
674 1069 870 1146 castumque
887 1065 997 1127 cubile

128 1166 301 1231 Praebuitl
347 1167 542 1247 Amplexus
557 1166 621 1228 hoc
636 1185 844 1247 promeruere
859 1165 998 1247 pudicil

128 1266 196 1330 Nee
213 1269 346 1344 mirum,
362 1268 391 1330 si
407 1272 504 1350 turpe
519 1266 601 1329 nihil
617 1272 693 1348 post
706 1262 786 1331 tatia
801 1266 905 1328 ducit.

125 1447 182 1495 omui
192 1448 259 1508 arelo,
270 1448 384 1507 ahmans,
401 1449 521 1497 restituite
539 1448 632 1498 filiam:
642 1449 733 1512 stamen
753 1464 835 1498 errem
854 1463 899 1497 narr
917 1447 1050 1510 procreavit
1066 1461 1116 1495 me:
1133 1460 1178 1494 neri
1189 1459 1228 1494 su·

125 1514 208 1560 narde
217 1512 304 1574 populo
322 1512 456 1574 Dryadum.
491 1513 577 1576 Cybele
595 1515 715 1573 turrigera
730 1514 831 1575 protulit
848 1528 884 1561 ree
900 1513 973 1560 etium
983 1527 1015 1559 ex
1027 1512 1139 1560 Scitum.
1174 1511 1228 1566 Quo

119 1575 171 1634 jura
183 1577 291 1623 Deorum
301 1575 462 1624 recesserunt?
480 1578 533 1632 Quo
541 1579 604 1638 leges
613 1578 663 1625 coeli
674 1577 853 1626 recesserunt?
871 1577 936 1631 Quid
942 1577 1048 1639 proderit
1057 1575 1114 1624 berre
1129 1570 1229 1622 virere?

125 1639 181 1686 Eece
197 1640 279 1688 Venus
289 1641 436 1688 umeeuudiae
447 1643 548 1702 cognite
558 1643 628 1688 audet
646 1647 775 1690 monstrare
787 1640 877 1700 faciem
887 1655 953 1688 mam
969 1646 1022 1702 post
1032 1644 1126 1687 rutenus
1142 1639 1226 1686 Vulca-

124 1704 178 1751 nius.
213 1704 319 1752 Somnus
330 1704 370 1751 ille
387 1704 506 1765 innocens,
518 1710 541 1752 et
552 1707 625 1753 lectus
633 1707 734 1768 pudieus
742 1708 808 1755 dedit
820 1705 915 1753 Veneri
933 1705 982 1751 trac
993 1700 1108 1751 consiliu?
1143 1702 1229 1750 Oscula

122 1767 234 1815 multoc
245 1769 332 1816 merito
342 1774 405 1816 suut.
442 1770 521 1831 Neque
530 1770 694 1818 admirandum
706 1777 754 1830 est,
766 1770 788 1816 si
800 1769 857 1832 ipsa
868 1769 928 1816 nibil
935 1773 1006 1831 putat
1018 1768 1165 1815 intonsum
1173 1770 1227 1828 port

122 1976 164 2020 271
185 1975 238 2022 Nee
250 1976 377 2038 Dryadum
392 1979 453 2026 Vst.
466 1979 547 2040 quint.
564 1979 625 2029 Jun.
643 1994 694 2028 sec.
717 1980 804 2043 Cybele
824 1980 883 2027 Vat.
906 1982 1027 2039 pru-272
1045 1977 1163 2024 Saturnus
1174 1973 1225 2025 luc.

122 2037 210 2110 licius.
230 2040 293 2088 Pot.
312 2041 376 2090 Juu.
396 2057 447 2090 sec.
467 2043 560 2091 Petav.
582 2052 641 2092 tert.
661 2043 751 2092 Ambe.
774 2047 917 2091 tert-273
934 2043 1012 2090 adiere
1031 2043 1092 2088 vm,
1112 2054 1150 2101 pr.
1163 2038 1226 2087 Vnt.

122 2101 204 2149 Lrvin.
216 2105 321 2152 cecidere
332 2119 378 2166 pro
387 2105 465 2154 abiere
477 2115 529 2154 tres
539 2108 611 2155 Vatt.
624 2116 651 2155 et
661 2109 686 2156 d.
698 2108 754 2156 Pal.
765 2107 825 2155 Pul.
834 2107 906 2154 rectis
916 2120 962 2167 pro
974 2110 1038 2152 reete
1048 2105 1227 2163 Moret.pr.-

121 2168 165 2214 tta
183 2167 284 2224 Profuit
305 2170 364 2216 Vat.
377 2171 459 2232 quint.
486 2172 609 2220 uutuudet
626 2172 721 2219 Moret.
744 2174 864 2232 pr.-2lti
879 2170 953 2217 bouus
962 2169 1008 2217 iste
1020 2168 1079 2214 Vat.
1092 2181 1130 2228 pr.
1158 2180 1227 2227 sapor

121 2227 178 2276 dun.
196 2245 249 2280 sec.
278 2246 346 2294 seper
358 2234 398 2281 vel
413 2236 489 2296 pudor
499 2235 561 2282 Vat.
574 2250 625 2283 sec.
654 2236 719 2282 dedit
731 2237 770 2283 ille
781 2237 856 2295 pudor
867 2236 942 2282 Voss.
955 2235 1085 2281 seo-277
1104 2230 1167 2277 istud
1178 2243 1226 2278 me·

121 2306 185 2340 ruere
200 2296 263 2343 Vat.
276 2311 315 2358 pr.
342 2297 383 2344 troc
399 2313 553 2359 proemeruere
570 2301 633 2347 Eur..
647 2301 737 2348 l’etav.
751 2307 834 2362 quart.
863 2299 988 2346 ltosvoss.
1003 2311 1042 2358 pr.
1067 2294 1226 2342 baecveltwtt

121 2356 191 2428 lloss.
210 2373 263 2407 sec.
288 2359 423 2416 ¹Heinsius
435 2363 591 2424 ascripserat
604 2365 687 2411 locum
700 2364 796 2411 ercani
815 2363 831 2409 l.
845 2375 871 2410 x.
887 2376 922 2410 vs.
933 2366 974 2410 68.
993 2361 1072 2409 ‘Hoc
1085 2358 1161 2406 animi
1174 2371 1225 2405 nox
1268 2400 1274 2409 .

121 2419 159 2468 rlla
170 2421 257 2483 dedit,
277 2438 333 2486 quae
347 2425 437 2487 prima
457 2426 534 2474 cubili
553 2427 660 2476 Miscuit
673 2428 799 2475 incestam
811 2426 919 2475 ducibus
941 2424 1104 2474 Ptolemaida
1115 2419 1226 2470 nostris?

118 2489 197 2534 -278
216 2487 369 2544 Noumirum
389 2490 466 2539 Voss.
488 2504 526 2551 pr.
551 2493 622 2539 ducat
643 2492 827 2541 Bonum—279
849 2492 922 2538 Osos
939 2491 1003 2537 Exc.
1024 2489 1117 2538 Peter.
1138 2492 1223 2550 quart.

616 2653 724 2703 NOTAE

151 2764 266 2828 Olympo]
283 2764 412 2828 Olympus
431 2775 472 2816 est
491 2783 562 2817 mous
573 2769 651 2817 Thes·
724 2771 771 2815 275
789 2765 1001 2827 lemaiatiucula]
1028 2765 1093 2812 Post
1110 2769 1224 2825 catenas,

120 2839 188 2887 saliae
217 2839 368 2902 altissimus,
394 2842 436 2905 qui
470 2844 575 2906 ponitur
604 2858 650 2907 pro
692 2843 851 2907 quibuscum
864 2842 951 2889 Marte
964 2840 1082 2888 adultero
1100 2839 1224 2900 colligata

119 2915 191 2962 coe10·
692 2926 742 2980 est,
770 2926 797 2967 et
819 2920 937 2967 Deorum
958 2915 1071 2965 ludibrio
1095 2915 1222 2977 exposita,

146 2994 197 3038 270
222 2988 339 3052 Reddite]
370 2991 461 3041 Filiam
478 3009 553 3058 quam
572 2994 649 3043 surri·
691 3003 826 3058 postquam
847 2993 921 3040 simul
946 2990 1102 3054 deprehensi
1125 2996 1185 3038 sunt
1207 3005 1223 3038 a

119 3064 219 3127 politis·
689 3071 758 3130 Sole,
778 3084 824 3131 per
843 3068 1025 3131 negligentiam
1047 3066 1222 3129 Alectruouis,

148 3142 253 3189 Noame
272 3142 347 3190 edidit
364 3144 451 3207 amau]
469 3147 526 3195 Nou
545 3148 614 3195 orior
634 3163 650 3195 a
690 3145 733 3209 qui
753 3145 811 3193 ideo
823 3160 837 3193 a
849 3145 936 3192 Marte
957 3145 983 3192 iu
1002 3143 1106 3191 Gallum
1118 3141 1223 3204 gallina·

116 3213 210 3276 fluviis,
222 3223 252 3265 ut
264 3218 393 3281 Naiu,aut
405 3223 590 3285 aDryadibus,
603 3223 647 3272 sed
690 3235 763 3270 ceum
784 3227 898 3269 mutatus
921 3227 972 3280 est,
993 3227 1019 3267 et
1034 3220 1118 3281 jamri
1137 3218 1223 3267 media

118 3291 252 3340 aSaturuo
271 3298 298 3338 et
317 3293 426 3356 Cybele,
446 3311 475 3345 ac
494 3298 649 3360 proindeiu-
688 3304 765 3345 nocte
778 3295 927 3344 canitSolis
939 3294 1086 3343 adrentum.
1120 3293 1220 3342 haria

117 3368 194 3432 digne
212 3376 327 3418 tractata
347 3386 412 3435 sum,
431 3388 489 3423 oum
510 3391 567 3423 mea
587 3375 648 3424 milri
689 3382 785 3436 autem,
803 3374 889 3434 idest,
906 3371 1221 3421 vinculafactaaVulca·

117 3442 168 3492 tilia
179 3454 272 3507 erepta
285 3453 333 3495 cst.
688 3465 730 3512 no,
742 3450 785 3512 qui
798 3449 921 3512 praesidet
933 3449 1030 3496 Lemno
1043 3446 1131 3495 insulae
1145 3446 1221 3494 maris

149 3520 235 3568 Edidit
255 3521 342 3583 amnis]
369 3523 468 3574 Naides
490 3533 565 3575 erent
585 3526 646 3577 fitiae
688 3524 779 3588 AEgaei,
790 3525 815 3571 in
832 3539 918 3586 quam,
930 3539 944 3571 a
955 3523 1027 3571 Coelo
1039 3520 1193 3570 deturbatus
1204 3535 1221 3568 a

118 3593 261 3645 fluviorum.
686 3600 752 3650 Jove
763 3600 803 3648 vel
816 3600 928 3659 Juuone,
940 3597 1053 3646 decidit:
1072 3595 1142 3661 quod
1161 3595 1220 3642 ideo

148 3676 194 3722 271
213 3674 352 3736 Dryadum]
379 3675 430 3724 Hae
451 3671 580 3741 Nymphae
600 3680 650 3742 syl·
690 3674 780 3724 lictum
792 3683 840 3735 est,
857 3674 918 3738 quia
930 3674 966 3722 ibi
978 3673 1088 3736 primum
1101 3677 1220 3734 repertus

118 3763 213 3798 rarum.
689 3752 766 3816 ignis,
777 3759 805 3800 et
816 3767 887 3799 arma
898 3749 1025 3799 fabricata
1037 3755 1105 3796 sunt.

148 3826 250 3888 Cybebe]
268 3828 365 3888 Magna
377 3832 458 3876 mater
469 3831 594 3879 Deorum.
720 3833 769 3876 276
793 3829 875 3877 Bonus
885 3826 925 3875 ille
935 3841 1011 3887 sopor,
1031 3823 1081 3885 tre]
1109 3822 1217 3874 Dictum

146 3905 193 3950 272
218 3902 336 3963 Saturno]
360 3903 413 3952 Qui
432 3910 458 3951 et
479 3904 552 3953 iovis
571 3910 647 3967 pater
688 3905 869 3967 perborum,
888 3918 945 3966 quae
969 3898 1177 3964 pronuntiatione
1190 3908 1218 3949 et

119 3983 178 4024 erat.
686 3988 760 4042 gestu
775 3978 891 4043 juvanda
903 3984 951 4038 est,
968 3982 997 4023 ut
1009 3980 1162 4037 agnoscatur
1178 3990 1217 4026 so·
1302 3979 1305 3986 '

146 4057 192 4104 274
209 4054 272 4102 Noti
282 4053 403 4118 Cytherea
411 4055 520 4117 pudoris]
533 4058 586 4105 Per
595 4056 644 4105 iro·
684 4055 855 4120 perinfamis.

116 4128 189 4194 niam,
200 4129 227 4180 id
239 4138 291 4195 est,
301 4131 392 4181 Venus
403 4128 478 4180 famae
490 4131 643 4195 prostituta.
716 4135 764 4181 278
782 4131 842 4179 Post
858 4126 929 4190 tatio]
961 4126 1026 4177 Post
1045 4126 1097 4178 tale
1117 4127 1216 4185 adulte·
