2700 4702
117 307 213 375 1178·
443 325 501 373 cn.
524 317 739 373 annuorum
763 321 899 371 xovrrr.

617 497 724 549 NOTAE

121 625 181 676 dem
202 624 361 688 substantie,
383 623 513 688 tuoruum,
533 626 560 675 id
582 626 650 691 quod
690 622 1136 688 nitatisindirussnbstmtimqnoe
1150 621 1222 674 Grn-

121 700 210 753 Ariaui
220 703 360 766 negabant.
386 704 456 754 Hinc
468 705 494 752 to
505 704 522 755 i.
532 718 563 755 11.
576 705 605 754 C.
616 704 650 754 de
691 718 722 754 co
741 702 819 752 verbo
839 699 938 764 turrate
956 707 1030 751 reete
1053 698 1228 750 credentium

119 778 224 830 Summe
241 779 381 845 Trinitate,
401 781 577 846 ‘incorrupte
595 780 651 830 Tri·
691 778 807 829 dicitnr!

573 1167 763 1242 XCVIII.

435 1420 489 1484 48.
534 1417 657 1483 LAUS
693 1417 904 1484 CHRISTI.

124 1581 277 1644 Puonss
291 1599 370 1646 vera
384 1580 461 1656 Dei,
477 1580 672 1660 cunctisque
687 1578 853 1659 antiquior
869 1577 979 1653 annis,
1028 1608 1032 1615 ·

125 1681 224 1746 Nunc
236 1683 376 1764 genitus,
391 1681 449 1764 qui
462 1690 593 1762 semper
608 1697 693 1755 erae,
709 1679 862 1760 lucisque
877 1682 1023 1761 repertor

124 1781 211 1846 Ante
225 1789 306 1860 tuae,
322 1783 503 1863 matrisque
519 1799 659 1862 parens3
682 1799 782 1860 quem
795 1780 886 1842 misit
899 1781 942 1842 ab
958 1779 1058 1843 astris

124 1885 313 1968 AEquaevus
329 1882 478 1959 Genitor,
493 1883 653 1965 verbique
667 1883 701 1945 in
716 1880 841 1944 semina
854 1880 965 1944 fusum

124 1984 303 2068 Virgineus
317 1985 467 2049 habitare
483 1985 588 2060 sinuS,
604 1991 639 2046 et
654 1984 805 2067 corporis
819 1984 902 2047 arcti

125 2083 148 2150 J
150 2088 238 2151 ussit
252 2088 335 2151 inire
347 2088 435 2164 vias,
451 2085 671 2169 parvaquein
686 2085 914 2160 sodomorum,

126 2184 237 2264 Quem
249 2188 345 2252 sedes
359 2208 424 2252 non
435 2189 504 2251 ulla
520 2187 614 2270 capit
626 2208 645 2251 ε’
658 2187 716 2269 qui
731 2188 857 2251 lumine
868 2187 979 2270 primo

124 2288 253 2353 Vidisti
269 2289 430 2373 quicquid
445 2289 569 2352 mundo
582 2294 738 2352 nascente
752 2309 893 2355 crearas.

128 2388 208 2471 Ipse
222 2389 455 2471 opifex,-opus
472 2390 546 2470 ipse
562 2389 622 2466 tui,
639 2388 791 2470 dignatus
806 2389 941 2475 iniquus

126 2489 251 2552 AEtutis
264 2490 385 2552 sentire
398 2491 505 2565 vinee,
522 2493 556 2552 et
569 2491 719 2571 corporis
734 2489 834 2572 hujus

125 2591 319 2656 Dissimiles
331 2590 470 2675 perferre
486 2590 616 2668 modos,
630 2590 865 2674 hominemque
880 2594 1001 2671 subire,

160 2771 184 2821 0
198 2771 310 2834 Christe,
321 2787 375 2820 vere
385 2772 434 2822 Fili
445 2772 505 2833 Dei,
515 2772 631 2821 uetmtior
641 2773 733 2821 secutis
742 2772 858 2835 munibus,
875 2774 917 2836 qui
924 2789 986 2823 nuuc
995 2781 1065 2824 uatus
1073 2789 1111 2837 es,
1121 2778 1163 2839 qui
1173 2791 1229 2825 seur·

123 2851 167 2901 per
177 2851 247 2894 erum·
262 2842 286 2885 et
304 2842 395 2885 creator
409 2836 477 2899 prius
495 2837 589 2885 lumiuis
597 2837 698 2899 proprii,
717 2842 740 2886 et
758 2841 826 2900 pater
838 2839 946 2900 parentis
957 2844 1020 2888 tuoe:
1038 2839 1152 2901 Christe,
1163 2856 1229 2903 quem

122 2906 194 2965 pater
203 2916 294 2950 caurus
305 2902 371 2949 misit
381 2916 412 2949 ex
425 2903 496 2962 Caio,
505 2906 528 2949 et
540 2901 642 2950 Verbum
658 2916 751 2949 carrum
757 2900 931 2962 sactumjussit
942 2904 1020 2952 claudi
1031 2906 1057 2952 iu
1067 2910 1135 2953 utero
1149 2905 1229 2966 Virgi-

125 2967 173 3026 nis,
185 2971 208 3013 et
218 2965 309 3014 intrare
323 2969 413 3013 meatus
424 2965 529 3027 corporis
544 2966 650 3026 augusti,
661 2970 684 3014 et
696 2980 790 3013 mouere
800 2969 827 3013 iu
842 2968 960 3015 mansione
977 2967 1076 3029 exigua,
1087 2984 1156 3031 quem
1166 2970 1229 3018 uuita

126 3029 215 3077 mansio
223 3028 410 3091 comprehendit:
425 3029 466 3090 qui
473 3029 550 3090 prima
560 3034 655 3090 aspectu
671 3028 786 3092 aspexisti
797 3044 825 3077 ea
833 3031 909 3078 omniu
919 3047 969 3092 qua
980 3033 1136 3094 produxeras,
1146 3035 1230 3082 muudu

126 3098 275 3153 exsurgente.
310 3094 364 3154 Ipse
374 3092 465 3150 artifex
475 3093 524 3152 sui,
534 3090 584 3153 ipse
599 3107 655 3154 opus
665 3107 761 3142 suarum
778 3108 909 3155 mannum,
918 3096 1030 3143 sustinuit
1035 3095 1104 3153 ferre
1114 3097 1230 3146 uicissitu-

126 3155 193 3206 dines
202 3155 297 3204 aserim
306 3156 429 3219 temporis,
446 3157 470 3204 et
482 3156 582 3204 tolerare
603 3158 744 3206 mutationes
760 3158 865 3220 dispares
884 3158 979 3218 inquere
990 3161 1094 3222 corporis
1105 3161 1229 3222 mortalit,

617 3283 764 3301 ΙθΙΙΙΙΝΙΙ

161 3344 354 3396 Desiderantur
371 3347 418 3396 hoo
430 3354 458 3397 et
474 3363 582 3412 sequens
595 3348 704 3397 Carmen
717 3351 782 3398 Mss.
793 3350 909 3399 omnihus
928 3358 956 3400 et
976 3352 1017 3402 ed.
1032 3352 1171 3403 Pium—4
1187 3354 1229 3402 Ε-

128 3425 221 3476 quoeous
234 3410 330 3472 genitor
340 3411 414 3475 serbi,
424 3413 465 3473 qui
476 3413 617 3463 Barim-9
633 3413 671 3461 sut'
685 3413 744 3462 edd.
755 3419 885 3464 retu—15
906 3417 1005 3465 Comcia
1013 3418 1094 3480 patris
1106 3417 1230 3467 Barth.-

622 3559 732 3610 NOTAE

158 3675 175 3721 4
195 3671 310 3735 Veriique
326 3672 352 3721 iu
367 3672 555 3738 semimsumm]
572 3674 657 3724 Chris·
697 3673 773 3723 modo
791 3673 954 3737 adolescens,
972 3670 1050 3722 motio
1061 3671 1183 3737 jnrenis3
1203 3676 1231 3720 et

127 3753 170 3798 tus
185 3762 280 3812 nempe
297 3748 331 3799 ob
348 3755 447 3798 aeterno
464 3749 545 3798 Patre
557 3765 572 3799 e
584 3751 656 3799 Coelo
697 3763 744 3812 pro
762 3750 839 3799 variis
861 3749 918 3819 iltis¹
932 3750 1020 3799 rotatis
1044 3748 1230 3799 mutationibus

125 3823 154 3873 in
173 3830 255 3875 terras
274 3824 365 3875 missus
385 3831 434 3889 est,
452 3832 480 3874 et
497 3825 561 3875 roris
578 3828 658 3874 instar
697 3840 793 3888 corpus
806 3824 916 3889 quedam
934 3816 1037 3874 ratione
1053 3825 1149 3874 moturi
1162 3823 1232 3874 vido·

125 3897 199 3951 fusus
210 3901 244 3950 sd
255 3900 401 3966 spargenda
419 3903 517 3952 semina
527 3902 609 3951 Verbi
620 3902 657 3950 di·
699 3908 750 3950 tur.

126 3973 189 4024 vini.
731 3975 913 4039 Hominemque]
931 3976 1047 4025 Christus
1059 3975 1140 4025 subiit
1151 3974 1232 4025 homi·

161 4056 191 4102 11
208 4053 304 4118 Modus]
319 4055 411 4104 Verius
421 4052 538 4118 corporis
550 4053 659 4116 hujusce
698 4066 767 4115 nem,
777 4051 839 4100 dom
851 4067 879 4102 se
890 4052 1117 4114 humano-corpori
1126 4050 1236 4102 obnoxi·

127 4127 293 4197 mutationes,
311 4129 405 4199 quibus
427 4129 506 4182 modo
524 4143 591 4195 puer
601 4133 660 4195 est,
699 4142 743 4180 um
752 4127 878 4194 reddidit,
886 4134 917 4180 ut
925 4127 1143 4180 omnihosDenm
1152 4126 1236 4180 homi·
