2700 4702
125 278 213 346 1870
319 294 430 345 nors
452 293 653 346 vsnsunurr
678 295 718 345 ru
745 292 804 345 or..
826 292 966 347 annun.
989 295 1030 346 x.

126 455 223 491 omnes.
255 440 341 503 Vulgo
357 439 404 489 laic.
425 440 553 490 lucianus
570 445 657 490 tasncn
695 436 959 502 quefiliam,uxorern
970 437 1049 488 duxit
1063 431 1222 492 mendosiss-

124 517 519 580 sadprirtar'pcsleganteretlam.
551 516 656 580 Gyrald.
726 518 758 562 lo
786 515 821 563 lis
839 516 920 578 potas
943 515 1060 564 Flaccilla
1077 513 1151 579 scili]
1176 515 1221 565 Par

123 594 161 643 da.
181 607 240 642 mox
257 592 335 641 iidem
354 593 387 641 ad
407 607 485 642 onum
504 607 593 641 ornnes
610 593 656 642 Curi
693 590 749 640 lans
760 591 788 639 iu
798 592 902 640 Serena
914 607 1002 641 amore
1021 605 1103 655 peaes
1114 591 1223 642 l'lseodo·

124 668 232 718 Mars‘am
241 668 318 730 dales,
330 683 380 717 non
390 669 482 732 differs.
490 669 559 733 quod
569 676 597 719 et
608 671 656 720 Ra·
692 666 756 714 sium
777 667 973 729 Imperatorem.
987 675 1079 717 noster
1096 668 1224 718 laudibus

123 744 192 808 ohel.
204 744 276 794 vidit.
293 745 368 794 ldns.
692 741 771 801 illins,
792 756 831 791 rs.
854 746 911 792 loo.
931 743 939 770 ‘
957 740 1090 793 Defuncto
1110 743 1224 805 genitore

157 825 189 870 ⁸6
212 819 267 869 Stoi
284 825 309 870 le
324 821 448 884 granam]
475 819 564 870 Gener
586 823 654 871 enim
693 817 1225 882 tuosablimisadoptat'l'epatrnnmg·

122 896 231 947 Stilicho
240 897 385 959 Theodosii,
394 897 456 961 quia
474 897 596 947 Serenam
608 898 654 948 du·
691 893 768 956 nique
778 894 1061 944 animosolatisluctas
1070 893 1226 959 aurnuns,

123 979 208 1034 rarat,
219 987 294 1036 qsram
306 972 455 1035 adoptarat,
466 972 554 1022 fratris
565 972 653 1037 filiam,
691 969 803 1030 propina,
820 984 897 1033 quam
914 969 936 1018 tl
955 970 1104 1032 genuisset.
1133 971 1226 1020 amavit

122 1048 287 1099 theodosius.
307 1050 396 1099 Basti.
691 1042 814 1093 Delsrncti
825 1043 913 1093 fratris
922 1043 1054 1095 sobolem?
1071 1045 1226 1099 Sicomaino

156 1129 188 1175 ⁸⁷
203 1126 249 1175 Caa'
262 1127 367 1175 Mariam
375 1125 471 1190 Μαι]
489 1127 653 1176 Meauctore
690 1120 787 1168 Serena
809 1120 938 1170 Flaccillae
964 1119 1048 1169 filium
1069 1120 1115 1171 hle
1138 1119 1227 1171 fallite

120 1199 388 1264 nuilmutsonmt
406 1202 653 1252 videtururadnta·
691 1195 797 1246 dicitur·
834 1196 1005 1247 Stilichonem
1024 1197 1112 1260 magis
1131 1198 1227 1261 genito·

121 1276 193 1325 'ronis
205 1276 371 1340 adspexisse:
388 1279 517 1327 ‘Turnum
534 1277 589 1340 jam
607 1278 653 1327 da.
691 1285 745 1321 rem
766 1273 884 1327 Honorio
908 1273 1046 1335 tdlcfibstr
1066 1287 1150 1337 illl*m
1174 1273 1226 1337 59⁸⁰

120 1351 186 1403 oens
200 1352 257 1402 hacc
274 1353 336 1401 milri
355 1352 445 1402 sacra)
476 1352 567 1401 Deleri
585 1353 653 1402 enirn
691 1346 948 1400 luerit'llseodoslas.
962 1349 1055 1399 Basti.

119 1427 322 1489 dicuutPolltar,
332 1429 404 1478 salut
415 1427 483 1477 datis
493 1428 654 1492 syngraphis,
723 1429 755 1474 ⁴4
773 1425 839 1481 Quid
851 1426 937 1486 jumi
947 1429 1030 1474 satan
1046 1438 1097 1473 nass
1111 1423 1190 1475 lrads‘s
1202 1438 1227 1474 a·

122 1502 328 1566 quodslicnicst
341 1502 508 1551 destinatum.
525 1503 613 1553 Βαάλ.
691 1503 779 1566 hm]
806 1506 862 1554 Noa
883 1504 964 1554 reddis
991 1503 1069 1567 prim.
1093 1504 1181 1553 Vstic.
1202 1509 1227 1552 et

159 1576 243 1626 Foedas
263 1578 322 1626 milri
351 1579 413 1627 salse
432 1580 568 1643 mnsam]
601 1580 654 1629 Far·
691 1580 1228 1644 septemalliuausliledloetdnodasia·

120 1666 165 1702 aas
175 1652 273 1716 optime
285 1653 421 1704 Petaviani
435 1654 488 1704 duo
497 1669 556 1704 curn
572 1656 655 1718 primo
692 1655 728 1717 nl,
737 1657 822 1711 nodis.
834 1657 903 1721 quod
915 1657 1043 1719 placaret,
1058 1656 1111 1705 nisi
1122 1670 1230 1720 praeces·

121 1728 259 1791 Vatlcauo,
274 1729 457 1793 Pricaeano,et
473 1730 614 1781 oisellauo.
625 1739 655 1780 ut
691 1730 766 1780 sisset
784 1732 862 1794 paulo
881 1739 943 1780 ante
961 1732 1066 1781 cedda
1079 1731 1172 1792 Mass.
1183 1730 1228 1780 sed

120 1805 191 1868 apud
214 1806 337 1870 Propert.
353 1806 449 1869 ‘Saepe
469 1807 542 1856 veuit
561 1821 654 1871 magno
692 1814 719 1855 et
740 1808 823 1857 Redde
840 1823 894 1856 oros
910 1808 973 1857 cala
986 1809 1043 1872 jam
1059 1807 1176 1858 dixerat.
1193 1810 1227 1858 D.

120 1877 219 1931 faraore
230 1882 321 1930 tsrdus
331 1881 418 1932 ausos!
436 1890 464 1932 et
475 1882 551 1933 alibi:
568 1883 576 1910 ⁴
590 1884 654 1933 Post
692 1882 780 1932 Heius.

120 1956 218 2006 abitum
230 1956 328 2020 duplici
339 1957 437 2007 foenore
455 1958 547 2008 reddat
557 1959 654 2010 honor?
722 1963 754 2008 47
773 1958 839 2008 Risit
849 1961 925 2008 Assar
934 1959 1055 2021 wmarus]
1072 1959 1128 2008 Cur
1144 1960 1229 2011 rolan-

121 2031 154 2082 1n
165 2033 322 2096 agricultura
333 2035 411 2084 etiarn
430 2034 499 2097 apud
517 2034 609 2097 podtas
619 2035 655 2084 lo·
692 2040 745 2083 tem
756 2041 784 2084 et
795 2034 925 2085 ridentem
936 2035 1058 2084 Amorem
1069 2036 1229 2086 concinnent

120 2124 179 2159 unns
191 2111 270 2161 habet
280 2126 311 2162 ea
322 2126 381 2162 vox.
399 2120 428 2163 nt
439 2113 465 2161 in
474 2113 519 2162 illo
528 2111 653 2163 Nasonis:
692 2111 793 2172 Podtae,
804 2111 903 2160 alarum
918 2124 951 2159 ax
963 2110 1115 2160 Alexandro
1127 2111 1230 2176 Aphro·

120 2185 128 2212 ‘
148 2184 307 2250 Hordeaqne
328 2189 427 2251 ingenti
446 2186 547 2237 fanore
571 2191 655 2240 soluat
690 2185 1124 2248 disieusi,Problamstesxxxvrr.

120 2260 201 2324 ager?
219 2263 255 2311 D.
269 2263 354 2313 Helas.
724 2263 828 2312 Plcoldn
839 2263 924 2331 matri]
941 2262 1228 2326 Quaegaudetsernper

153 2340 185 2385 88
203 2339 282 2401 Aula]
299 2339 394 2388 Domui
407 2340 542 2390 Cesarea.
565 2341 653 2393 Barll.
692 2340 754 2401 risu,
774 2347 802 2390 et
824 2339 964 2390 serenitate
985 2344 1113 2390 venustat
1134 2340 1228 2390 omnia.

153 2414 186 2458 89
204 2411 291 2460 Patrai
300 2415 410 2478 gemes]
425 2414 536 2463 Patrium
546 2416 653 2466 lunian.
691 2415 781 2466 Burtls.

122 2485 200 2535 Forte
220 2491 340 2548 patrnam.
360 2496 389 2536 ut
404 2489 412 2516 ‘
425 2496 526 2552 patruae
545 2490 654 2540 verbera
723 2495 756 2539 48
764 2490 912 2553 Jnclaatiar]
925 2489 1018 2540 Animo
1030 2491 1134 2542 elatior.
1152 2491 1227 2540 Idem.

119 2561 224 2624 liuguae'
235 2563 305 2625 apud
325 2564 419 2614 Horat.
438 2565 517 2614 Ouid.
528 2567 599 2615 Fast.
614 2581 652 2614 ιν.
722 2570 756 2615 lo
774 2568 845 2615 Mons
856 2568 918 2615 lotas
935 2565 1041 2626 lanians]
1066 2567 1128 2615 Nou
1141 2567 1228 2626 anm,

119 2637 208 2687 ‘Eusa
219 2639 290 2688 cadit
307 2645 400 2701 patruo
420 2640 534 2690 Lausus?
550 2642 588 2689 sic
608 2657 652 2705 op·
691 2642 810 2691 meliores
818 2649 914 2704 proeter
920 2643 994 2704 prim.
1004 2642 1125 2692 Vatican.
1134 2643 1227 2690 deiude

118 2713 198 2764 timus
215 2714 289 2765 liber.
307 2729 345 2764 vs.
364 2716 441 2766 Cous.
458 2716 527 2766 Han.
548 2717 653 2767 ‘Restl·
693 2719 768 2780 Cypri
777 2722 912 2780 precantes
920 2732 972 2765 non
984 2718 1084 2780 Cyprea
1092 2717 1160 2779 rapis
1170 2730 1228 2765 oum

120 2790 171 2840 tuit
193 2791 301 2854 sceptris
320 2792 435 2855 patruis!
458 2793 495 2841 ita
514 2793 652 2855 legendum
691 2794 783 2842 eodem
794 2792 1229 2856 Vatic.1siugr.Pulmanui,Del·

120 2863 233 2930 videtur,
251 2883 310 2917 curu
330 2869 420 2932 scripti
433 2869 548 2916 nonnulli
565 2870 654 2931 patriis
691 2870 723 2919 rii
735 2870 870 2928 codice,et
882 2869 964 2918 tribus
975 2870 1069 2918 nostris
1079 2868 1229 2931 legendum,

120 2942 268 2993 exhibeant.
301 2943 505 3007 Adeanturquae
523 2944 555 2992 ad
575 2944 654 2993 Naso·
692 2949 762 3013 quod
774 2948 1027 3012 Raphelengiusjarn
1041 2948 1115 2997 vidit.
1134 2949 1228 2998 Ioniam

120 3031 180 3066 nem
193 3019 280 3068 notavi
302 3019 391 3070 Amor.
402 3032 446 3068 111.
466 3021 507 3069 El.
520 3025 544 3070 6.
563 3035 599 3070 vs.
611 3024 652 3071 49.
691 3027 763 3083 lalus,
783 3024 842 3088 quia
863 3032 966 3073 veteres
993 3025 1145 3088 Gangraplri
1170 3039 1227 3076 eam

20 3149 25 3160 Ι
116 3092 250 3143 D.Hes'ns.
692 3100 769 3148 maris
780 3101 969 3149 Mediterranei
985 3109 1098 3164 partem,
1110 3117 1170 3165 quas
1186 3103 1228 3152 Ε·

153 3168 199 3216 Cui
218 3169 319 3217 nominis
335 3169 409 3218 dares
424 3171 532 3233 manassi]
569 3173 653 3221 Notus
692 3175 1228 3237 gypturnversustendit,Ioniurndictartr

116 3243 174 3306 jans
190 3241 273 3291 frater
290 3243 426 3291 Theodosii
443 3245 581 3308 Principis,
598 3246 652 3294 Ha·
692 3251 864 3313 volunt,quod
874 3251 1090 3315 sequentiaapud
1101 3260 1229 3314 nostrum,

119 3318 216 3379 norlas,
236 3318 352 3366 laudibus
364 3319 479 3368 Serenae.
513 3322 575 3371 Fuit
589 3335 652 3371 vero
692 3341 749 3390 qoae
761 3326 795 3374 de
805 3326 897 3375 Protei
909 3327 986 3375 cubili
1005 3335 1032 3374 et
1051 3328 1114 3378 Nilo
1126 3328 1230 3392 snbjun-

120 3400 232 3443 etsoror
248 3393 306 3442 huic
319 3393 423 3444 Serenae
436 3396 525 3445 Maria·
540 3398 652 3458 nomine,
691 3407 798 3462 guntur,
815 3399 979 3450 confirmant.
1004 3400 1137 3464 Phariique
1154 3401 1229 3450 radlia

119 3469 194 3532 eujus
206 3469 301 3518 ibidem
314 3471 441 3533 meminit,
452 3487 488 3520 vs.
497 3477 537 3521 69.
562 3473 652 3522 Barlls.
691 3476 800 3535 Proteos,
817 3489 866 3523 non
879 3477 1050 3539 Phariamque,
1065 3477 1231 3528 Pricaeanns.

152 3550 184 3594 42
202 3547 276 3608 Inque
294 3551 335 3594 tua
353 3547 416 3595 areni
432 3547 535 3610 yemis]
552 3548 651 3597 Educa-
690 3550 808 3598 Pessime
831 3551 930 3613 vulgati
950 3552 1069 3614 plerique
1089 3553 1229 3616 variamque

117 3622 188 3672 tione
201 3629 254 3683 tua,
272 3631 300 3671 et
316 3616 516 3672 cura'materna.
550 3623 651 3672 Educa-
689 3625 772 3674 cubile.
792 3627 827 3675 D.
839 3627 931 3674 Heius.

118 3700 216 3750 tionem
235 3701 312 3760 enim,
332 3700 510 3759 voluntariam,
523 3706 551 3748 et
565 3714 598 3748 ex
613 3701 651 3750 as·
724 3702 824 3764 Cyprea
839 3701 917 3763 mpla]
933 3700 1048 3763 Cyprum
1069 3702 1172 3753 Veneri
1190 3717 1228 3753 sa·

117 3773 202 3836 fectu,
223 3790 274 3824 nou
296 3774 552 3839 coacto,praeferunt
574 3777 652 3842 aliqui
689 3775 940 3824 cramnotissimum.
958 3775 1048 3823 Barth.

119 3852 290 3915 generationi.
309 3852 383 3900 llam.
722 3856 752 3900 ol
772 3852 901 3915 Despectut
920 3865 1007 3900 corana
1028 3851 1095 3915 Nili]
1117 3853 1164 3902 Sic
1180 3854 1227 3902 Lu·

152 3928 273 3990 Partaque
289 3927 389 3989 remota]
405 3927 433 3974 Si
453 3927 543 3988 solum,
560 3927 653 3992 inquit,
690 3940 760 3975 oens.
773 3927 848 3989 prirn.
865 3925 985 3974 Vatican.
1003 3932 1031 3974 et
1045 3941 1093 3974 sex
1112 3928 1229 3991 alii,non

117 4007 221 4064 partum
234 4003 329 4063 denras,
341 4011 369 4051 tu
388 4002 446 4050 mini
459 4004 544 4065 potius
561 4012 653 4065 mater,
690 4006 834 4066 despectans.
851 4004 886 4051 D.
899 4001 991 4051 Helns.

119 4090 195 4141 quarn
208 4077 337 4127 Flaccilla.
353 4079 421 4126 Sane
434 4079 559 4127 Flaccilla
568 4079 655 4128 admo·
723 4084 755 4128 ol
781 4080 913 4126 Candaules
928 4077 1033 4140 pruina]
1057 4079 1188 4130 Lucensis
1202 4087 1230 4130 et

118 4152 182 4201 dum
203 4166 285 4213 puero
308 4153 424 4201 Honorio
450 4152 573 4215 decessit,
595 4163 655 4217 post
691 4156 797 4218 quintus
817 4154 904 4204 Vatia.
925 4156 1048 4205 cadentes.
1071 4156 1143 4219 quod
1167 4156 1230 4222 qnid

117 4241 199 4298 quarn
211 4227 333 4292 Galliam,
349 4226 456 4279 lustina
468 4229 656 4280 Valentiniani·
691 4230 744 4280 sibi
756 4229 820 4281 salit
827 4231 926 4280 nescio.
934 4231 1021 4295 malins
1031 4236 1151 4283 matrs.
1161 4231 1229 4300 quod
