2700 4702
196 285 286 381 10⁶⁰.
511 296 569 347 cn.
590 292 804 349 cnsummu
829 292 977 344 xxxix.

194 443 344 513 Letalem
358 436 597 524 placidamque
610 456 756 502 manum.
800 433 971 501 Medicina
985 453 1045 520 per
1058 435 1191 500 hostem

195 543 355 625 Contigit,
370 548 403 607 et
416 540 556 625 pepulit,
573 558 658 623 quos
667 539 790 604 fecerat
804 539 889 623 ipse,
903 538 1046 602 dolores.
1070 586 1083 622 s

197 645 300 726 Quod
314 645 345 710 si
358 663 419 708 nec
434 642 599 726 precibus,
614 641 695 706 fletu
708 660 773 704 nec
786 640 943 722 frangeris
959 639 1039 719 ullo,
1257 636 1300 721 su

197 745 300 832 Eripe
313 745 453 810 calcatis
466 763 534 808 non
548 762 711 827 prospera
726 741 858 824 cingula
873 738 997 819 Musis,

195 847 299 937 Eripe
313 845 476 910 militiam.
520 843 685 908 Comitem
700 863 754 906 me
768 842 855 926 pelle
868 841 986 906 sodali.

197 947 336 1015 Scilicet
349 947 495 1029 insignes
510 945 553 1010 de
567 963 718 1028 paupere
734 948 810 1006 vate
824 941 1028 1024 triumphos!

197 1049 333 1116 Scilicet
346 1048 487 1132 egregiis
502 1047 664 1111 ornabere
676 1045 787 1109 victor
801 1044 942 1128 opimis!

196 1148 510 1221 Irruatinrniseros
526 1145 952 1233 cognatapotentiacives·
1257 1143 1305 1219 55Ι

198 1343 296 1406 &aaut
315 1350 339 1394 et
357 1337 504 1395 seiutmem:
529 1341 657 1394 remedium
676 1341 762 1394 cecidit
780 1359 823 1407 per
840 1343 938 1408 hortere,
955 1347 980 1393 et
999 1341 1050 1406 ipse
1071 1341 1187 1394 Achilles
1210 1343 1301 1407 expulit

197 1411 286 1463 mum
295 1410 356 1472 quod
366 1412 495 1458 ereeouot.
528 1408 598 1464 Queri
607 1410 629 1457 si
638 1423 712 1471 seque
717 1409 824 1471 flecteris
832 1408 949 1471 precibus,
960 1423 1031 1471 seque
1039 1408 1150 1471 hepatis
1158 1407 1224 1469 uilis,
1233 1406 1302 1466 affer

197 1473 262 1522 milri
273 1471 375 1521 balteum
388 1471 531 1532 iufaustum,
547 1473 627 1521 Musis
636 1473 766 1534 contemtis,
782 1472 850 1532 «μίαν
859 1473 921 1520 milri
930 1472 1086 1534 dignitatem
1097 1472 1235 1532 militarem,
1244 1471 1306 1535 ejice¹

198 1551 236 1585 sue
255 1537 355 1584 amicum
374 1542 403 1586 tu
422 1536 467 1599 qui
486 1535 559 1584 fuisti
577 1537 675 1585 aarum.
709 1537 832 1584 Nimirum
848 1541 877 1584 tu
895 1535 993 1584 referes
1004 1535 1128 1584 mnodum
1138 1535 1261 1596 egregius
1274 1536 1302 1582 rie

195 1599 268 1663 polita
278 1597 381 1649 misero?
397 1599 520 1649 Nimirum
530 1605 558 1648 tu
573 1600 732 1662 triumphator
742 1599 855 1649 ditaberis
874 1599 954 1660 spoliis
971 1595 1086 1648 ementis?
1108 1599 1220 1647 Potestas
1233 1612 1304 1660 papa·

199 1663 258 1713 ieris
266 1663 389 1713 videlicet
399 1663 519 1728 irrumpat
529 1668 611 1714 eontra
623 1663 694 1713 Ciues
708 1662 823 1723 infelices.
864 1664 953 1712 Putria
968 1662 1095 1712 eommunis
1105 1662 1180 1712 nobis
1190 1661 1303 1712 exauuiut

662 1821 839 1844 mmeuen

200 1930 224 1983 si
236 1932 301 1984 Put.
312 1934 335 1982 si
345 1948 374 1984 ue
384 1932 458 1984 Med.
467 1947 520 1985 sec.
530 1948 572 1984 aee
584 1933 649 2010 fletu
665 1936 725 1985 Pal.
735 1933 809 1985 Med.
828 1948 868 1998 pr.
881 1934 989 1998 flecteris
1003 1939 1056 1982 tres
1067 1932 1141 1982 Med.
1158 1934 1232 1984 Rott.
1242 1933 1305 1983 Var.

200 1997 256 2046 LL.
273 2012 383 2061 emarg.
394 1998 482 2048 Parru.
501 1999 603 2048 aiacem
620 2000 671 2048 inc.
692 2000 782 2048 Heius.
795 1997 920 2060 frangeris
935 1998 996 2048 Vat.
1016 2012 1056 2060 pr.
1072 1996 1164 2046 Ambr.
1185 2012 1225 2060 pr.
1244 1998 1304 2047 Vat.

200 2059 286 2110 Iriviu.
296 2061 389 2112 Sched.
401 2062 471 2112 Gnd.
482 2061 525 2112 ed.
536 2063 624 2112 Parin.
634 2062 758 2111 Heinsius
768 2077 839 2127 seqq.
849 2068 995 2111 notaverat.
1001 2061 1125 2121 frangeris
1135 2061 1167 2110 V.
1176 2061 1206 2110 (l.
1218 2061 1255 2109 sic
1264 2060 1305 2109 ri·

198 2122 264 2175 buli.
274 2126 320 2175 lib.
330 2139 350 2174 1.
361 2127 435 2190 Eleg.
446 2140 508 2176 vrrs.
524 2126 659 2175 ‘Desistas
668 2127 812 2188 lacrimare,
823 2141 897 2190 puer,
906 2139 957 2174 non
969 2124 1097 2189 frangitur
1108 2123 1169 2173 illa.'
1182 2124 1305 2184 Propert.

199 2187 247 2238 lib.
253 2201 286 2237 rr.
299 2189 340 2238 El.
348 2202 431 2239 xvrrr.
448 2191 606 2253 ‘Frangitur
614 2190 641 2238 in
649 2191 731 2241 tacito
739 2205 809 2254 saepe
818 2191 904 2254 puella
913 2189 983 2239 viro!
1001 2195 1029 2237 et
1037 2190 1076 2236 ΕΙ.
1088 2200 1192 2237 xxvrrr.
1208 2189 1306 2237 ‘Frau-

201 2251 272 2314 gitur
283 2258 311 2300 et
321 2252 401 2316 June,
409 2253 430 2301 si
441 2267 493 2317 qua
503 2254 590 2317 puella
607 2253 693 2316 perit!
710 2255 803 2304 Cicero
815 2256 841 2303 in
859 2256 950 2303 Bruto.
970 2252 1088 2315 ‘Iujuria
1105 2258 1215 2314 accepta
1225 2251 1306 2313 fregit

201 2321 290 2364 tamen
302 2316 333 2364 C.
345 2317 491 2365 Gracchum
506 2318 633 2379 patientia
645 2318 790 2368 Octavius?
806 2318 905 2366 moouis
918 2317 975 2366 Pal.
987 2317 1037 2365 duo
1045 2314 1118 2364 Med.
1129 2315 1222 2364 Heius.
1234 2317 1307 2364 H.-

202 2383 233 2427 tl
251 2393 313 2426 nuuc
351 2393 433 2442 oeperu
442 2379 498 2428 Pal.
510 2380 562 2428 duo
573 2380 645 2430 Med.
657 2380 747 2429 deerat
758 2387 844 2429 autern
852 2381 895 2429 hic
904 2395 992 2429 uersus
1002 2381 1061 2428 Vat.
1070 2384 1130 2428 tert.
1136 2379 1231 2440 cingulo
1239 2393 1306 2442 pros·

199 2455 260 2506 pera
269 2439 321 2490 Am
340 2454 361 2490 r.
369 2457 410 2505 pr.
421 2442 544 2491 Heinsius
553 2456 624 2507 seqq.
634 2445 777 2494 annotavit.
795 2446 803 2471 ‘
817 2445 919 2504 Cingula
930 2444 1033 2506 proprie
1041 2449 1174 2504 gestamen
1185 2443 1307 2493 militare.

202 2503 255 2554 vid.
275 2504 386 2554 Casaub.
397 2505 431 2554 ad
443 2505 513 2555 Hist.
521 2506 589 2569 Aug.
603 2521 628 2568 p.
640 2511 696 2557 21⁰.
707 2507 727 2555 f.
739 2507 828 2556 eadem
845 2522 903 2556 curn
915 2508 1024 2568 laticis,
1035 2506 1170 2570 dequibus
1181 2504 1239 2555 fuse
1252 2506 1312 2555 Sal·.

202 2582 267 2617 mas.
278 2582 306 2630 p.
313 2569 445 2617 29⁵3—62
463 2570 540 2630 Erige
547 2571 659 2619 militium
665 2570 738 2619 Med.
748 2585 799 2620 sec.
810 2571 923 2618 militium
930 2571 1044 2621 emeritam.
1054 2585 1111 2619 curn
1117 2568 1199 2632 τελείᾳ
1209 2573 1308 2634 στιγμῇ,

202 2633 264 2681 Vct.
281 2645 322 2694 pr.
334 2646 375 2682 uec
385 2634 444 2694 pelle
454 2632 544 2682 Ambr.
556 2648 595 2696 pr.
607 2648 636 2682 ue
644 2635 704 2696 pelte
716 2635 777 2683 Vat.
788 2648 828 2697 pr.
839 2634 896 2682 Pal.
908 2634 989 2683 Oisel.
1002 2641 1056 2683 tres
1066 2633 1140 2682 Med.
1149 2635 1237 2682 sodalis
1245 2636 1307 2684 Var.

202 2694 255 2745 Iris.
266 2709 370 2759 emarg.
379 2696 465 2745 Parm.
475 2704 503 2746 et
512 2697 700 2760 Raphel.sodali
709 2705 818 2762 quatuor
828 2698 899 2746 Vatt.
908 2698 966 2747 Pal.
975 2699 1048 2746 Rott.
1058 2697 1139 2746 0isel.
1148 2698 1248 2746 Bonan.
1255 2712 1308 2747 sec.

203 2757 297 2813 deerat
308 2773 370 2810 vero
382 2761 433 2809 inc.
443 2761 534 2810 Heius.
546 2761 587 2810 hic
599 2766 761 2812 versus-58
778 2761 883 2823 insigues
891 2764 920 2810 de
928 2777 954 2823 p.
963 2767 1017 2810 oute
1027 2762 1158 2824 triumphos
1169 2768 1223 2809 tres
1234 2761 1308 2810 Med.

204 2821 258 2871 inc.
270 2823 361 2874 Heius.
372 2824 435 2873 Put.
446 2825 538 2873 Petav.
551 2840 592 2889 pr.
603 2826 703 2875 Bonon.
722 2825 813 2874 Ambr.
823 2841 863 2888 pr.
876 2825 961 2874 Oxou.
973 2840 1024 2874 sec.
1045 2826 1110 2875 Erre.
1121 2824 1181 2873 Pat.
1193 2839 1245 2873 rec.
1257 2826 1307 2874 Lu·

203 2899 277 2936 cens.
284 2900 324 2949 pr.
333 2887 373 2936 ed.
382 2889 469 2936 Parm.
481 2890 543 2936 Ver.
550 2890 603 2938 LL.
611 2892 651 2937 ed.
660 2890 739 2938 Antv.
747 2889 1013 2952 ingentes...triumpisos
1022 2889 1119 2938 Mouet.
1129 2903 1170 2951 pr.
1178 2889 1309 2949 insignis...

204 2948 341 3014 triumphus
350 2951 413 2999 Var.
424 2952 478 2999 LL.
488 2967 503 3000 e
514 2965 594 3014 marg.
604 2951 692 3000 Parm.
704 2953 810 3013 egregios
820 2955 849 3000 de
856 2968 882 3014 p.
893 2957 961 3000 uode
969 2953 1099 3014 triumphus
1106 2952 1205 3000 Buslid.
1214 2952 1308 3001 deerat

207 3019 294 3062 autem
305 3013 347 3061 hio
358 3027 448 3061 versus
459 3015 521 3062 Vat.
533 3028 586 3063 sec.
598 3021 627 3063 et
638 3021 701 3065 tert.
712 3016 804 3065 Peter.
820 3029 871 3064 sec.
884 3017 998 3064 Floreat.
1011 3014 1101 3065 Ambr.
1112 3021 1173 3065 tert.
1183 3015 1248 3065 Cod.
1260 3017 1309 3064 Ur·

204 3075 253 3127 sin.
264 3082 293 3125 et
303 3075 394 3140 Epigr.
404 3074 560 3128 Amba-54
576 3085 600 3128 et
617 3079 697 3140 spoliis
716 3094 762 3143 pro
779 3080 884 3142 egregiis
901 3081 966 3130 Exc‘.
984 3081 1093 3130 Lucens.
1104 3085 1207 3144 pr.-tt
1226 3080 1317 3128 lmus.

706 3239 814 3290 NOTAE

206 3360 270 3399 uera
290 3344 362 3398 fe'rro
383 3344 456 3397 facta
475 3349 602 3400 sanabat:
628 3351 678 3402 hac
697 3367 737 3402 sa·
809 3356 840 3401 51
860 3349 972 3414 Cingula]
998 3350 1078 3416 Eripe
1099 3349 1161 3398 milri
1182 3349 1310 3414 balteum,

207 3435 282 3473 nasse
297 3422 440 3485 Telephum
458 3423 561 3474 dicitur.
584 3425 655 3476 Hinc
675 3425 738 3476 Ori·
777 3435 806 3478 et
826 3428 912 3477 omnia
931 3427 1053 3475 militaria
1070 3425 1213 3489 privilegia.
1247 3427 1310 3476 Cin·

205 3496 280 3548 dius:
296 3496 372 3560 ‘Ego
384 3497 515 3560 Telephon
526 3500 600 3549 hasta
618 3500 740 3564 Pugnan·
778 3503 839 3564 gulo
865 3508 951 3550 autern
974 3501 1125 3565 quibusdam
1155 3502 1310 3551 cerimoniis

205 3572 381 3634 temnamus,
399 3573 495 3622 victum
512 3583 681 3641 orantemque
700 3591 739 3626 re·
776 3576 899 3627 adhibitis
909 3577 1101 3625 nobilesornari
1110 3584 1310 3627 consueverant.

206 3645 278 3698 feci!
303 3648 339 3696 Et
349 3646 429 3697 alibi:
446 3649 453 3676 ‘
465 3648 564 3697 Vulnus
576 3656 604 3700 et
614 3650 738 3699 auxilium
809 3656 842 3701 54
859 3651 967 3712 Scilicet]
982 3651 1098 3700 Verbum
1106 3651 1201 3700 Ironiee
1211 3665 1311 3701 accom-

205 3723 295 3773 Pelias
317 3725 393 3773 hasta
411 3725 493 3774 tulitr'
526 3725 553 3773 id
577 3732 626 3789 est,
647 3726 737 3776 eadem
777 3729 917 3778 modatum.
941 3728 1067 3777 ‘Scilicet
1086 3729 1107 3776 is
1118 3728 1226 3793 Superis
1236 3728 1310 3778 labor

205 3798 290 3862 lresta,
301 3801 342 3848 vel
360 3802 447 3863 potius
465 3814 555 3849 manus
566 3800 684 3864 Achillis,
696 3802 741 3865 qui
776 3811 817 3852 est
825 3803 840 3852 l’

207 3875 339 3924 eratfilius
349 3875 433 3937 Pelei,
445 3877 588 3925 vulneravit
599 3883 626 3925 et
638 3877 744 3927 sanavit·
813 3876 917 3939 Opimia]
935 3875 1030 3940 Opima
1037 3878 1121 3942 spolia
1132 3884 1192 3927 suut
1201 3892 1243 3940 ea,
1249 3892 1309 3942 quae

206 3948 361 4013 Telephum,
377 3950 522 4014 millefolio,
539 3957 569 3999 ut
588 3951 690 4014 quidam
702 3952 741 4000 di·
778 3950 831 4000 (lux
842 3951 904 4000 duci
922 3951 1053 4014 detrahit;
1079 3955 1126 4003 sed
1144 3954 1187 4003 hio
1207 3968 1311 4004 sumnu-

208 4029 280 4073 cunt.
312 4024 425 4075 Achilles
434 4026 646 4078 enimaClriruue
656 4032 741 4079 artem
777 4034 821 4078 tur
832 4027 958 4079 Ironiceis.

207 4096 337 4173 madium
347 4098 484 4152 didioerat.
810 4107 843 4152 tt
868 4104 977 4167 comus
1000 4102 1120 4169 prusa]
1168 4103 1316 4157 Concessio
