2700 4702
421 300 711 355 BPlGRAllMATA.

90 449 160 514 inei
176 455 323 515 tumuere
338 450 443 528 sinus,
457 451 661 532 innuptaque
674 452 780 512 muter

90 570 147 615 sno
162 551 287 635 stupuit
301 550 462 635 compleri
478 550 609 614 viscera
623 554 735 632 partu,

90 654 192 714 torem
201 653 346 733 paritura
360 669 471 715 snum.
518 649 681 713 Mortalia
697 647 798 713 corda

90 750 181 815 icem
195 766 310 841 texere
325 751 405 835 poli,
421 750 604 833 mundique
617 755 766 833 repertor

90 851 174 916 ituit
188 852 321 916 humani
337 852 478 934 generis,
494 851 658 932 latuitque
674 850 738 913 sub
753 867 819 912 nno

90 972 163 1030 ore,
179 954 238 1038 qui
249 959 357 1019 totum
371 954 436 1017 late
452 953 687 1034 complectitur
701 950 814 1015 orbem
828 968 837 1030 3

90 1055 137 1136 pri
151 1074 219 1119 non
234 1056 352 1137 spatiis
366 1058 472 1129 terrae,
488 1071 554 1116 non
569 1051 720 1133 aequoris
732 1050 835 1127 unda,

103 1157 237 1239 capitur
251 1159 351 1234 coelo,
367 1174 491 1239 parvos
507 1154 670 1218 confluxit
684 1154 719 1216 in
734 1158 838 1217 anus.

90 1275 98 1317 ι
112 1261 146 1319 et
159 1257 319 1341 mancipii
333 1276 464 1332 nomen,
480 1272 657 1336 nexusque
677 1253 807 1330 subisti,

90 1471 104 1528 l,
120 1473 145 1516 et
155 1474 231 1519 mter
244 1470 343 1534 innupte
354 1472 443 1520 mirutn
460 1476 495 1520 est
513 1476 606 1520 uterum
618 1484 691 1519 sunm
702 1469 736 1518 im
761 1469 796 1517 eri
807 1469 871 1527 soets
886 1472 985 1529 ecreto,
1000 1467 1113 1530 periture

90 1545 135 1579 rem
144 1547 218 1583 suurn
233 1534 329 1584 Viscera
338 1537 396 1584 Μ’
427 1536 433 1547 ’
460 1535 551 1584 Metire
562 1539 671 1598 ceperunt
683 1534 722 1596 opi
802 1534 902 1593 veltet
912 1532 1021 1581 eonditor
1031 1532 1113 1582 nudi

90 1593 131 1642 tit
146 1612 177 1644 ex
192 1598 331 1658 homiuibus,
346 1603 369 1647 et
396 1600 476 1648 stituit
487 1601 529 1648 rui
547 1601 603 1648 ursis
619 1597 746 1646 sueretu
762 1597 817 1656 ille,
834 1596 874 1658 qui
889 1596 993 1644 miset
1010 1597 1059 1645 lete
1076 1600 1113 1645 to·

90 1661 195 1716 udum
211 1666 234 1709 et
252 1664 292 1724 qui
307 1678 352 1710 rios
370 1663 573 1726 comprehenditur
594 1662 707 1710 ecrtitete
722 1665 802 1717 terro,
817 1674 862 1707 uos
882 1660 951 1722 aquis
968 1660 1050 1720 muris,
1065 1674 1112 1709 uos

90 1722 207 1773 Mettus
222 1728 286 1787 coele,
296 1728 415 1775 deseendit
431 1728 457 1775 is
475 1742 558 1791 eorpus
576 1726 696 1787 exiguum.
730 1724 795 1780 Quis
805 1725 887 1787 etiam,
898 1723 1011 1785 Christe,
1027 1736 1112 1786 possus

464 1865 644 1884 “cuonone

103 1960 193 2011 Parin.
206 1963 287 2012 Geen.
296 1972 324 2013 et
336 1965 377 2013 ed.
389 1965 496 2028 Bipont.
524 1965 599 2020 Qnern
609 1964 679 2013 serto
690 1965 731 2012 vel
745 1964 863 2028 Quasque
874 1969 942 2013 utero
953 1965 1004 2013 inc.
1017 1962 1111 2014 Heius.

90 2028 160 2074 'nise
178 2034 229 2076 vet.
248 2028 313 2091 Gyr.
339 2030 425 2089 mnis
447 2027 499 2077 elno
518 2028 613 2077 Petne.
638 2027 1109 2088 usgetovnt.sec.Bartholin.0isel.

105 2090 171 2140 Exc.
190 2090 256 2140 Laeti
276 2098 303 2140 et
323 2093 433 2142 Luceus.
452 2106 494 2154 pr.
520 2093 570 2141 uiso
591 2091 652 2141 Vnt.
672 2105 712 2153 pr.
728 2090 784 2140 Pul.
798 2092 868 2141 Prie.
877 2092 939 2143 Vei.
950 2098 1011 2141 tert.
1019 2105 1053 2140 m.
1067 2104 1110 2154 pr.

90 2150 143 2203 ist.
152 2163 236 2218 quart.
248 2155 339 2204 deerat
351 2171 412 2206 vero
423 2157 465 2205 hic
478 2169 567 2205 versus
578 2155 907 2205 Men.sec.i'1orent.nxc.
918 2156 1010 2203 Petne.
1024 2161 1109 2217 quart.

90 2231 128 2266 nn.
138 2222 240 2267 see—8
255 2219 386 2268 intumuere
407 2218 497 2269 Ambe.
515 2234 554 2282 pr.
577 2223 683 2268 tumuere
702 2219 763 2268 Pul.
783 2218 876 2268 Petav.
887 2233 927 2282 pr.
939 2220 1001 2268 Exc.
1014 2218 1109 2268 Petav.

115 2281 217 2330 tismere
236 2282 329 2333 Petav.
348 2298 399 2339 sec.
418 2282 509 2333 Ambe.
528 2298 567 2346 pr.
587 2298 621 2333 m.
641 2296 681 2345 pr.
694 2291 746 2332 vet.
760 2282 825 2346 Gyr.
852 2282 1108 2333 teruereron.sec.

90 2343 226 2395 rPrtc—tt
242 2347 346 2410 compelli
357 2348 523 2411 procompleri
535 2347 599 2396 Cod.
620 2347 959 2397 Bartholin.-10Aetoress
976 2347 1038 2396 Vst.
1054 2360 1107 2396 see.

90 2408 152 2458 lied.
176 2424 214 2470 pr.
238 2412 287 2460 inc.
309 2411 400 2460 Heius.
423 2412 520 2460 Moret.
539 2426 578 2473 pr.
595 2411 695 2460 anlid.
712 2412 823 2461 mortuiis
834 2411 1109 2474 miroveutlyn-

90 2487 131 2523 ere
153 2474 224 2523 Med.
243 2490 281 2537 pr.
298 2476 364 2525 Exc.
383 2476 493 2524 Lucens.
512 2489 551 2537 pr.
580 2490 659 2538 cepere
682 2475 768 2524 Onon.
789 2490 842 2525 sec.
860 2476 949 2536 fudere
966 2478 1029 2524 Vnt.
1045 2480 1107 2526 tert.

91 2536 175 2587 onel.
195 2539 311 2588 Florent.
331 2540 405 2589 Med.
427 2554 478 2589 sec.
498 2539 624 2601 munitque
644 2544 734 2617 reptor
752 2541 854 2590 Buslid.
881 2543 1015 2604 redemptor
1036 2539 1107 2603 conj.

90 2629 161 2674 .-12
177 2625 281 2688 lusitque
290 2625 333 2673 eut
343 2641 388 2674 uno
401 2625 487 2675 Oxon.
499 2639 552 2675 see.
577 2625 619 2675 ut
628 2643 673 2676 uste
684 2629 757 2677 Med.
770 2636 856 2692 quart.
878 2628 930 2676 inc.
948 2628 1040 2676 Heius.
1057 2626 1108 2676 Pe·

90 2702 129 2738 ec.
151 2689 250 2739 Bonon.
265 2689 354 2738 Ambe.
375 2696 437 2738 tert.
457 2690 554 2738 Mouet.
567 2704 605 2752 pr.
625 2692 724 2740 Buslid.
745 2691 808 2741 cod.
829 2692 920 2754 Epigr.
938 2690 1028 2740 Ambe.
1041 2691 1115 2740 Exc.⁴

90 2758 189 2816 ,quart
209 2753 320 2802 Lucem.
340 2767 381 2815 pr.
403 2753 463 2802 ΑΜ.
472 2754 534 2802 Ver.
552 2754 607 2802 LL.
628 2769 738 2818 emurg.
758 2754 914 2803 Parus-lt
932 2755 1108 2803 tetensteten

90 2821 168 2867 ;.-lt
184 2818 260 2878 spolio
283 2817 365 2866 Oisel.
388 2817 472 2866 Oxou.
494 2822 611 2865 sec-16
630 2818 687 2867 Non
705 2820 798 2881 sepitur
820 2818 936 2867 Florent.
960 2817 1031 2866 Meel.
1053 2830 1107 2868 sec.

90 2893 129 2929 res
148 2881 223 2929 Vatt.
240 2881 297 2929 Pel.
323 2882 388 2930 Erre.
409 2880 486 2930 Laeti.
514 2880 614 2944 dejlecit
634 2882 736 2932 anlid.
762 2884 898 2931 eosrtrnett
924 2881 997 2931 Med.
1019 2894 1106 2929 see.-

90 2944 307 3007 u‘setsupptietum
323 2946 384 2994 Vct.
405 2952 467 2993 tert.
485 2944 598 2994 Florent.
614 2946 753 3008 supplicium
773 2947 857 3011 metis
876 2945 948 2994 Prie.
965 2943 1105 3009 supplicium

97 3007 201 3057 anlid.
228 3009 337 3071 supplicii
354 3008 441 3073 ¹Geso.
467 3023 552 3057 numen
573 3009 688 3060 Florent.
713 3025 844 3074 sexusque
866 3009 966 3061 Buslid.
988 3021 1106 3072 nexaeque

494 3168 603 3220 nors
679 3240 681 3245 .

90 3299 211 3360 septaque
230 3299 318 3360 mater]
342 3297 419 3346 Falso
435 3296 532 3347 dicitnr
571 3304 644 3349 totns
655 3314 705 3350 non
717 3300 789 3364 cepit
799 3298 881 3361 orbis,
895 3299 928 3349 lu
940 3304 985 3350 tos
997 3314 1024 3350 se
1036 3300 1106 3350 eltn-

90 3382 118 3432 ι,
128 3371 190 3434 quin
207 3371 307 3420 seilicet
324 3387 386 3421 vern
402 3373 530 3436 legitimo·
570 3375 605 3425 sit
615 3374 811 3425 viscemfnctns
821 3374 914 3426 homo.¹

90 3445 216 3496 strimonii
232 3462 301 3496 nexu
311 3448 393 3511 Virgo
407 3448 531 3511 copnlntn
605 3455 636 3500 lo
652 3434 782 3514 Moireipis]
799 3450 854 3500 Alit
868 3450 959 3515 legunt
978 3452 1104 3517 osppuett

104 3522 220 3587 tosepno
230 3545 238 3587 ;
264 3525 310 3573 sed
327 3524 413 3574 forsan
432 3525 531 3587 innupto
570 3526 678 3576 Servum
698 3527 826 3591 intellige,
845 3527 890 3590 qui
908 3526 1043 3591 suppliciis
1060 3528 1104 3577 ob·

90 3616 102 3664 ·,
124 3602 194 3665 quod
219 3603 346 3653 intectum
365 3602 530 3666 Virginitatis
569 3602 723 3665 noxinsest,
740 3607 769 3651 et
787 3600 957 3666 cujusvieem
973 3601 1105 3664 sustinuit,

105 3678 276 3742 conservarit,
295 3693 346 3727 non
364 3693 437 3728 secus
457 3693 487 3727 uc
508 3678 529 3727 sl
569 3685 599 3728 ut
609 3693 656 3729 nos
666 3678 768 3728 liberali
789 3694 867 3728 cansa
878 3682 1006 3728 assereret
1018 3690 1102 3727 menn.

98 3752 219 3817 innuptis.
569 3754 629 3804 Hoc
647 3768 751 3803 carmen
773 3753 895 3804 Bastulus
911 3752 1032 3803 attribuit
1050 3752 1104 3802 Du·

93 3831 185 3894 Cornu]
220 3830 381 3890 Praeeordin‚
408 3829 528 3879 viscere:
569 3845 639 3880 muso
652 3831 707 3880 viro
717 3831 812 3892 docto;
828 3829 854 3879 isl
865 3828 923 3878 lieri
939 3840 990 3879 m
1005 3824 1102 3879 debere

90 3920 117 3955 ns
136 3915 230 3954 venter
248 3906 292 3970 qui
309 3905 424 3969 portavit
442 3904 528 3953 Chris·
569 3906 704 3955 Cluverius
715 3913 801 3968 rregnt.
824 3904 900 3956 Quod
917 3901 949 3951 ad
962 3914 1050 3953 versos
1063 3906 1102 3953 nt·

90 3987 107 4032 =t
117 3983 195 4044 texit,
204 3983 355 4032 occultavit.
568 3983 645 4043 tinet,
657 3982 675 4031 il
687 3989 759 4032 certe
768 3979 877 4031 Dumnsi
888 3977 1004 4029 versibus
1013 3977 1101 4029 viden·

90 4058 144 4109 Nos
159 4059 265 4123 sepitur]
289 4059 322 4108 ld
342 4073 436 4122 nempe
456 4058 527 4107 cauit
568 4056 611 4107 tui
629 4071 685 4106 esso
703 4054 890 4105 concinniores.
923 4053 1100 4107 Inlilsl'otle

90 4132 131 4185 ls:
146 4136 155 4164 ⁴
168 4135 248 4198 Virgo
259 4135 311 4186 Det
321 4134 526 4199 genitrix,quem
566 4132 929 4196 prolmperetoreprentur.
978 4158 993 4185 u
1039 4156 1051 4167 ··
1096 4164 1099 4173 ·
