2700 4702
190 285 276 356 1016
512 303 571 351 cn.
595 301 807 350 cunuomur
832 299 976 350 xxxvr.

186 444 301 529 Cujus
320 443 538 511 Achaemenio
550 448 620 527 regi
634 447 788 523 ludibria,
804 451 901 511 natos

183 545 310 610 Avertit
324 547 554 611 tremebundus
568 568 682 631 eques,
727 547 850 611 Fremit
865 548 924 610 illa
937 547 1056 610 marito
1224 542 1291 607 265

186 646 346 712 Mobilior
357 649 524 733 Zephyro,
540 655 705 730 totamque
717 649 900 713 virentibus
916 651 1001 711 iram

184 749 355 833 Dispergit
370 753 521 826 maculis,
534 752 740 835 jamjamque
755 753 913 815 haustura
928 749 1091 833 profundo

185 850 251 914 Ore
266 853 383 929 virum,
399 854 510 916 vitreae
525 853 675 916 tardatur
690 854 830 934 imagine
841 853 968 917 formae.

183 947 288 1015 Haud
301 954 393 1018 aliter
407 959 478 1017 toto
491 956 634 1033 genitrix
649 953 832 1017 bacchatur
848 952 995 1038 Olympo
1008 974 1017 1032 ;

185 1133 271 1195 midae,
291 1133 366 1182 editos
383 1136 414 1181 od
435 1134 562 1183 ludibrium
583 1136 657 1196 Regis
676 1137 814 1185 Persarum.
849 1136 896 1184 lllu
909 1136 981 1198 tigris
992 1135 1059 1183 eaeoit
1072 1136 1172 1183 velocior
1184 1131 1290 1184 Favonio

180 1199 286 1259 conjuge,
293 1203 315 1246 et
326 1197 440 1260 diffundit
449 1213 538 1247 omnem
548 1199 693 1249 irucumlieee
709 1201 773 1248 notis
781 1200 947 1259 viridantibus,
959 1205 1029 1261 utque
1037 1200 1165 1248 identidem
1176 1205 1287 1262 eorptrrru

180 1263 281 1324 equitem
293 1277 332 1310 ure
342 1263 432 1321 dicate,
441 1264 558 1311 retinetur
572 1265 645 1326 specie
648 1262 741 1329 figere
752 1265 901 1327 crystallinus.
935 1264 977 1312 Sic
995 1269 1069 1312 muter
1087 1265 1167 1312 Ceres
1178 1262 1247 1321 furit
1259 1265 1285 1311 in

645 1386 822 1407 ‘nunnae

182 1475 316 1520 sec-264
332 1472 470 1521 Aelimeuio
481 1473 543 1522 Put.
556 1473 620 1535 Reg.
633 1480 684 1522 tres
701 1474 792 1522 Petav.
808 1474 872 1526 Eue.
890 1474 982 1522 Petav.
994 1472 1161 1535 quart—265
1179 1472 1286 1522 Advertit

180 1536 266 1585 Vetic.
279 1543 339 1585 tert.
351 1538 448 1585 Avertit
460 1537 524 1586 Cod.
536 1536 678 1587 Bartholin.
687 1536 797 1586 Adduxit
808 1538 869 1586 Vat.
880 1537 963 1600 quint.
973 1538 1036 1586 Jun.
1049 1551 1100 1584 rec.
1112 1536 1218 1584 Adrexit
1228 1537 1287 1586 Flo·

181 1607 247 1649 rent.
257 1609 284 1648 et
296 1600 383 1663 viginti
395 1602 448 1662 alii,
460 1602 521 1650 item
535 1603 598 1650 Exo.
611 1603 703 1650 Petav.
715 1600 972 1665 quartsremelmrdus
982 1598 1053 1649 Med.
1065 1607 1149 1664 quart.
1156 1598 1224 1657 furit
1238 1616 1284 1663 pro

175 1663 262 1724 fremit
274 1665 369 1712 Moret.
382 1680 420 1727 pr.
429 1667 517 1727 premit
529 1681 575 1728 pro
580 1666 668 1726 fremit
680 1666 784 1727 legebat
796 1666 928 1726 Heinsius,
937 1667 953 1713 i.
966 1682 987 1713 e.
998 1665 1151 1727 persequitur.
1162 1664 1210 1712 istu
1221 1666 1284 1714 Vnt.

180 1743 219 1790 pr.
230 1731 320 1776 murino
329 1744 375 1791 pro
388 1730 473 1777 morito
486 1739 537 1779 vet.
551 1730 616 1793 Gyr.
633 1731 706 1779 male.
723 1731 841 1792 Sympos.
860 1731 968 1791 llinigm.
981 1733 1022 1778 38.
1036 1744 1072 1777 vs.
1085 1732 1191 1777 3.-266
1208 1730 1286 1777 Mobi-

189 1806 266 1840 torve
315 1808 398 1840 octor
447 1809 504 1842 ron.
524 1809 574 1842 sec.
617 1810 629 1842 e
676 1810 702 1842 ro
723 1810 753 1843 ve
783 1810 831 1842 neo
875 1810 914 1854 eg.
954 1808 1013 1842 xon.
1033 1807 1210 1855 paucumque
1248 1809 1284 1843 a.

179 1792 198 1840 l'
268 1793 370 1840 le'l'
418 1795 442 1843 0
594 1795 675 1857 Zpltp
756 1795 873 1868 lan
918 1794 985 1869 Ὀ·
1117 1797 1128 1839 t
1221 1794 1275 1868 yt

179 1856 1285 1984 {tttzittaitttttltttta'l·ttulittumultatitttlt‘t

178 1984 239 2032 irum
253 1985 347 2033 itioret.
360 1990 480 2047 pa-not
498 1987 624 2048 Dispergit
636 1987 749 2034 Florent.
761 1987 833 2034 Med.
845 1993 929 2049 quart.
948 1986 1039 2034 Heius.
1053 1986 1087 2034 H.
1107 1987 1173 2047 Reg.
1187 1986 1283 2034 Petav.

179 2062 217 2112 pr.
230 2049 329 2097 Bonon.
338 2050 438 2099 Tholos.
449 2049 540 2098 Arnbr.
554 2057 614 2098 tert.
625 2051 690 2098 Exc.
707 2051 801 2098 Petav.
813 2058 898 2112 quart.
916 2051 1036 2112 Dispersit
1049 2057 1157 2112 quatuor
1169 2050 1242 2099 Vatt.
1255 2058 1285 2100 et

178 2111 204 2161 d.
217 2112 274 2162 Pal.
286 2114 350 2161 (lod.
363 2115 505 2162 Bartholin.
524 2115 584 2164 Jun.
598 2129 635 2177 pr.
648 2116 762 2162 chartac.
781 2114 872 2163 Heius.
893 2115 944 2163 duo
956 2116 1040 2164 Oxou.
1058 2114 1165 2175 aspersit
1183 2114 1282 2163 Moret.

179 2190 218 2237 pr.
230 2177 334 2225 lacrimis
345 2193 391 2238 pro
403 2180 500 2226 moeurs
510 2179 609 2227 Bonon.
622 2180 721 2227 nimium
732 2193 778 2239 pro
787 2179 840 2237 jum
850 2179 948 2241 jamque
957 2179 1057 2227 Titulos.
1074 2178 1215 2239 nimiumque
1228 2185 1283 2227 tres

177 2240 251 2290 Vatt.
263 2250 290 2289 et
301 2243 324 2290 d.
338 2242 392 2290 Pal.
405 2243 469 2290 Cod.
481 2244 622 2291 Barthotin.
636 2244 696 2291 Pur.
708 2243 805 2290 Moret.
824 2258 863 2305 pr.
883 2245 1015 2307 Die-umque
1026 2245 1085 2290 Vat.
1098 2256 1148 2290 sec.
1158 2241 1282 2291 iaimimm
1301 2294 1309 2314 ¹

177 2304 241 2352 Exc.
252 2305 353 2353 Schott.
365 2307 517 2368 timidumque
529 2307 676 2368 conjecerat
688 2307 808 2355 Hensius.
819 2307 934 2355 tumturn
944 2309 1005 2355 Vat.
1015 2320 1054 2368 pr.
1066 2312 1093 2354 et
1107 2314 1166 2354 tert.
1178 2308 1283 2370 luururu

177 2367 292 2441 Floreat.
310 2370 358 2417 inc.
378 2369 468 2418 Heius.
490 2372 587 2418 Bonun.
609 2372 671 2418 Exc.
691 2371 782 2418 Petav.
802 2379 887 2432 quart.
907 2372 1023 2420 extensio
1042 2371 1103 2418 Vat.
1115 2378 1200 2433 quart.
1220 2371 1284 2431 Par.

178 2431 270 2480 Herus.
290 2433 325 2482 H.
344 2433 395 2481 duo
414 2434 486 2481 Med.
506 2434 647 2497 nimiumque
662 2437 776 2482 exhaustu
796 2436 857 2487 lun.
877 2450 917 2497 pr.
935 2435 1077 2496 nimiumque
1094 2434 1209 2483 iuueturu
1229 2434 1283 2483 dno

177 2495 263 2545 Oxon.
275 2497 356 2545 chart.
369 2497 459 2545 Heius.
471 2497 614 2560 nimiumque
632 2498 736 2547 masura
752 2499 828 2547 Voss.
841 2513 879 2561 pr.
890 2500 951 2550 Jun.
971 2513 1021 2547 sec.
1033 2500 1111 2546 einum
1122 2499 1225 2546 luuemo
1237 2499 1280 2547 vel

177 2559 292 2608 tumturn
301 2562 375 2609 Voss.
389 2565 523 2609 sec-268
539 2564 653 2609 reddatur
664 2577 710 2624 pro
721 2564 830 2610 turdutur
841 2565 934 2611 Petav.
948 2566 1090 2611 tert-269
1104 2563 1214 2622 genitrix
1231 2567 1281 2611 toto

176 2624 237 2673 Vnt.
256 2639 296 2686 pr.
314 2627 427 2675 chartac.
447 2625 538 2673 Heius.
555 2627 618 2675 Exc.
638 2625 733 2675 Petav.
753 2633 837 2690 quart.
858 2625 918 2675 Ald.
938 2627 980 2675 ed.
1002 2627 1090 2674 Parm.
1108 2634 1135 2674 et
1156 2627 1278 2676 Visst.—

676 2759 782 2811 NOTAE

206 2853 255 2902 264
281 2853 441 2916 Acloemmio]
467 2855 532 2917 Regi
560 2855 706 2917 Persarum,
747 2852 807 2904 θέειν
825 2853 892 2913 ἰκέλη
900 2853 993 2918 ζεφύρῳ
1002 2856 1125 2917 pensetur:
1145 2853 1196 2915 Ipsi
1214 2854 1278 2901 euim

175 2942 252 2992 quem
277 2944 309 2977 ex
329 2928 495 2978 Achaemeuia
516 2931 587 2979 tribu
610 2932 705 2994 eligere
746 2948 839 2981 currere
859 2933 945 2981 struitis
966 2939 1007 2980 est
1033 2930 1141 2994 Zephyro
1163 2929 1278 2990 genitori.

173 3004 305 3053 solebant:
332 3012 407 3053 erant
427 3013 512 3053 autem
539 3014 593 3055 tres
614 3008 705 3066 tribus,
746 3011 830 3060 Quam
841 3016 927 3059 tamen
937 3010 993 3074 ipse
1003 3009 1148 3071 opinionem
1158 3021 1210 3056 non
1220 3021 1278 3069 pro·

173 3079 330 3140 Patiscores,
342 3080 545 3144 Achaemenide,
553 3090 580 3130 et
590 3083 671 3146 Magi.
746 3086 791 3135 bat
803 3087 947 3150 Oppianus.

205 3153 332 3216 Ludibrio]
359 3156 426 3204 Nam
454 3158 537 3219 Reges
563 3159 703 3209 Persarum
776 3168 824 3212 266
841 3163 906 3212 Iram
922 3164 1039 3226 dispergit
1055 3160 1165 3222 maculis]
1183 3159 1232 3208 Vel
1244 3174 1278 3208 ex

171 3228 241 3278 intra
250 3237 324 3293 septa
335 3230 402 3280 feras
418 3233 532 3296 alebant,
543 3235 635 3299 quibus
645 3251 704 3286 con·
744 3240 805 3304 ipsis
816 3240 923 3290 maculis
935 3239 1098 3288 horrentibus
1109 3245 1136 3286 et
1146 3235 1278 3300 flagranti·
1318 3300 1320 3308 Ι

172 3304 289 3355 liniendis
300 3315 495 3359 exercerentur.
744 3314 791 3364 bns
802 3316 946 3377 iracundia,
956 3315 1019 3362 iram
1028 3327 1161 3375 agnoscas.

204 3387 252 3432 266
271 3385 452 3452 Tremeluudus]
469 3389 512 3437 Ob
530 3390 622 3453 tigrem
634 3394 703 3443 velo·
776 3397 824 3442 268
844 3393 933 3442 Vitreee
943 3390 1041 3452 forme]
1061 3390 1161 3452 Raptor
1177 3389 1277 3437 catulo-

172 3458 226 3508 cius
235 3459 419 3523 insequentem.
743 3485 799 3518 rum
819 3469 902 3532 tigris,
913 3475 942 3517 ut
962 3467 1049 3515 eludat
1067 3471 1174 3513 matrem
1193 3464 1277 3513 immi·

203 3536 297 3584 Murito
308 3537 429 3603 Zephyro]
446 3541 506 3588 Non
518 3547 618 3590 tantum
637 3543 703 3591 Poe-
742 3551 856 3605 nentem,
868 3542 973 3608 projicit
993 3542 1134 3606 speculum,
1149 3540 1194 3588 illa
1203 3555 1277 3603 spec·

171 3619 217 3673 toa,
229 3613 274 3661 sed
293 3621 319 3663 et
336 3615 380 3663 alii
392 3616 540 3680 scriptores,
556 3624 585 3666 ut
605 3617 704 3667 Aristo·
743 3626 790 3683 tat,
805 3621 895 3680 haeret,
909 3618 980 3682 quusi
992 3616 1081 3665 foetum
1093 3615 1232 3677 aspiciens,
1250 3621 1279 3664 et

170 3691 245 3752 telos,
257 3691 409 3754 Columella,
420 3693 529 3756 Plinius,
546 3694 658 3757 Solinus,
675 3695 701 3743 S.
741 3697 777 3745 sic
787 3695 854 3758 fugit
866 3703 971 3759 raptor;
985 3709 1018 3742 ex
1029 3691 1173 3755 Pomponio
1185 3691 1274 3740 Meta:

170 3762 341 3831 Augustinus,
369 3769 475 3818 tradunt
497 3771 586 3832 tigres,
614 3785 703 3834 equas,
744 3773 786 3820 alii
799 3771 1029 3834 dicuntaraptnre
1047 3785 1123 3819 unum
1136 3783 1167 3816 ex
1180 3769 1276 3817 catulis

169 3845 286 3910 gallinas,
297 3848 412 3897 vultures
424 3862 456 3896 ex
466 3856 544 3898 vento
555 3849 702 3914 concipere.
743 3848 825 3911 raptis
837 3848 940 3910 projici,
950 3862 1026 3910 quem
1038 3861 1097 3895 cum
1108 3851 1192 3892 mater
1203 3845 1275 3894 culli·

169 3920 247 3968 Unde
258 3923 357 3972 Statius
370 3924 402 3972 de
418 3923 520 3985 tigride,
536 3927 544 3951 ⁴
557 3924 700 3986 Spiranteur
742 3925 790 3989 git,
801 3932 828 3973 et
841 3929 957 3986 reportat
974 3923 1001 3971 in
1019 3929 1129 3983 antrum,
1139 3920 1197 3983 ipse
1207 3921 1275 3970 inte·

168 3993 223 4046 fert
234 4012 279 4046 ore
292 4000 373 4048 virum
383 4000 401 4048 :'
426 4006 454 4049 et
472 4001 539 4063 apud
561 4000 700 4063 Lucilium,
741 4002 789 4050 rim
799 4000 876 4062 fugit.

145 4072 338 4136 &genitabilis
358 4090 419 4124 aura
440 4077 537 4127 Favoni
545 4076 562 4136 3’
588 4082 615 4126 et
631 4077 700 4141 apud
772 4081 821 4127 269
837 4075 986 4138 Bucciotur]
1014 4074 1101 4123 Instar
1120 4070 1274 4122 bacchantis

171 4147 321 4212 Oppianum
341 4149 375 4200 de
398 4150 500 4217 tigride,
519 4151 587 4216 Αὐτῷ
607 4151 655 4217 γάρ
673 4171 701 4204 τε
740 4154 841 4218 rapitur
852 4159 880 4204 et
892 4151 964 4204 furit.
