2700 4702
130 245 137 278 t

59 303 62 310 '
371 320 420 367 nn
444 319 580 373 usnnrr
604 323 742 374 rnnon.
764 325 869 376 cons.
987 334 1004 376 ·.
1082 315 1169 382 1427

69 480 75 493 ·
100 459 216 509 Romnris
227 459 342 523 floridus]
370 460 539 512 Ornamentis
563 464 600 513 di·
672 470 704 515 uo
724 468 757 516 Ut
768 470 862 517 tondent
869 467 1062 533 propiusdisent]
1080 472 1170 524 Discus

67 537 156 602 cendi,
176 537 468 590 cretionisnmoenitste.
485 542 573 590 Bortlr.
640 542 722 591 codex
744 544 770 592 S.
790 545 886 605 Marci,
912 560 977 596 nnus
1002 548 1122 601 vatican.
1141 557 1170 603 ct

101 615 133 661 85
155 612 250 662 Vicibus
258 615 338 675 gratis
350 614 459 672 foemore
470 617 599 680 loquentes]
640 617 745 668 Pricoei.
762 621 796 669 D.
808 621 893 671 Heius.

65 687 124 737 Per
142 689 265 754 Dialogos
284 692 416 755 intelligit,
438 694 514 742 modo
537 694 599 743 scri·
675 695 708 743 Ut
719 698 812 744 tandem
822 698 1015 760 propiasdiscat]
1034 699 1098 748 Usni
1109 700 1170 765 ipsi,

64 763 147 813 beudi
157 765 300 829 Socratico,
312 767 418 831 aliisque
437 769 600 832 Philosophis
639 777 667 818 et
679 770 857 833 gubernationi
872 774 1114 839 tantiMagistratns
1126 778 1170 826 sd·

65 838 177 889 dilecto.
196 841 345 891 Latinorum
358 843 485 908 Princeps
505 845 598 894 Cicero
638 854 718 895 mota.
752 847 863 909 Propius,
879 850 986 911 certius,
1002 848 1113 915 facilins,
1131 867 1170 902 se·

64 915 132 965 adeo
144 918 193 965 hoc
205 931 285 979 genus
302 918 488 983 frequentavit,
509 928 538 969 ut
550 935 598 982 per
638 922 714 970 motis
735 922 893 973 obstaculis·
925 925 968 973 De
991 925 1106 989 Finibus,
1135 927 1168 978 tle

63 998 227 1041 contemtum
249 994 310 1042 inde
332 994 486 1058 Dialogistae
506 1011 598 1046 nomen
636 996 741 1045 Summo
752 997 835 1058 Bono,
843 997 875 1046 de
885 997 1002 1060 tostius,
1011 1000 1169 1062 Honestate,

62 1067 203 1116 invenerit.
244 1068 381 1118 Plutonem
404 1071 513 1132 primum
538 1072 599 1120 llia-
636 1072 794 1134 Virtutibus,
810 1088 867 1137 quoe
886 1074 928 1122 lric
941 1080 1090 1137 tanguntur,
1106 1077 1167 1126 Phi·

63 1141 139 1204 logos
149 1142 471 1194 introduxisscFavorinus
481 1146 597 1197 tradidit.
636 1149 800 1211 losophorum
818 1149 950 1213 opiniones
972 1151 1014 1200 hic
1043 1160 1168 1203 excutere

65 1216 144 1266 Idem.
635 1230 744 1272 nonest.
761 1225 850 1273 Bartl.

97 1297 131 1343 86
146 1292 247 1342 Alterno
272 1309 351 1344 oerum
371 1301 493 1346 conterere
525 1297 596 1360 nodo]
667 1304 698 1347 97
720 1299 804 1348 Virtus
815 1299 903 1362 mono]
920 1302 1003 1350 Unam
1016 1302 1109 1351 statuit
1119 1302 1169 1352 vir·

62 1368 206 1419 socraticis
218 1370 596 1435 captionibus,otiicioDinlec·
636 1380 718 1424 tutem
741 1373 847 1424 divisam
863 1376 890 1424 in
909 1376 1047 1438 justitiam,
1067 1383 1167 1441 tempe·

63 1445 135 1507 ticae,
153 1445 223 1509 qnod
243 1448 349 1509 pulchre
372 1449 435 1497 milri
454 1448 596 1500 detinentes
636 1449 1077 1512 mutiam,fortitudinem‚caeterns.
1090 1453 1166 1502 Idem.

62 1522 133 1578 nisus
143 1528 185 1571 est
204 1521 332 1588 Plotinus,
343 1524 467 1575 Ennssdc
483 1540 502 1575 1.
522 1527 539 1573 l.
553 1540 596 1578 111.
665 1530 698 1574 98
717 1526 824 1585 Objrctet
835 1526 914 1589 uitiis]
939 1527 1030 1575 Virtus
1042 1528 1109 1576 enim
1128 1527 1166 1576 fn.

63 1602 123 1647 cii.
160 1600 232 1648 Idem.
634 1614 695 1664 gere
707 1600 777 1650 vitia.
794 1601 870 1649 luem.

65 1707 70 1717 .
95 1677 129 1723 88
145 1674 224 1723 Docto
251 1675 397 1739 Cleanthen]
437 1675 595 1726 Doctriuum
664 1681 697 1727 99
717 1678 800 1726 Vincat
817 1677 910 1726 cutione
929 1678 1016 1740 metus]
1034 1679 1110 1728 Ratio
1127 1680 1165 1728 ni.

63 1751 197 1809 Cleanthis
205 1764 265 1800 vste
273 1751 443 1800 commendat.
456 1751 521 1814 Ejus
527 1753 595 1802 enim
633 1753 725 1802 mirum
734 1754 760 1802 in
771 1753 797 1802 id
805 1753 868 1802 dota
875 1753 980 1814 homini,
991 1760 1021 1803 ut
1028 1755 1162 1818 snpientiae

61 1827 112 1877 viri
124 1827 253 1891 ingenium
272 1834 336 1877 erat>
347 1827 437 1888 hebes,
449 1842 498 1877 nec
517 1828 595 1892 proti·
633 1836 662 1878 et
673 1830 747 1878 bonae
759 1830 852 1878 mentis
861 1828 998 1892 studiosus,
1007 1830 1164 1880 ritiaomnis

61 1903 152 1953 ciebat
175 1903 223 1952 nisi
245 1904 405 1953 aerumnabili
426 1905 527 1967 labore,
552 1905 594 1954 cni
633 1904 814 1969 deformesque
832 1907 917 1955 lsrrns
936 1904 1029 1969 fugiet,
1047 1913 1163 1970 superet,

60 1977 159 2028 idcirco
171 1978 235 2028 odeo
252 1994 279 2027 se
291 1979 402 2043 dedidit,
412 1986 440 2029 ut
451 1980 518 2030 niter
527 1980 594 2030 Her·
633 1983 756 2043 declinet,
766 1980 909 2032 exscindet.

61 2055 134 2103 cules
146 2053 288 2103 diceretur.
306 2055 382 2103 ldem.
668 2058 755 2118 Metus,
764 2056 865 2118 umores]
877 2059 943 2106 Dnae
956 2055 1029 2106 iuriac
1037 2058 1162 2122 tranquil·

66 2160 71 2187 :
93 2132 127 2178 89
140 2129 279 2193 Chrysippo,
287 2130 389 2192 recena]
398 2132 439 2180 De
449 2131 593 2196 Chrysippo
632 2132 712 2182 litatis
721 2134 847 2183 humanas.

59 2211 131 2254 notre
142 2205 269 2267 historiae,
278 2211 414 2271 exstatque
422 2223 516 2271 magno
525 2223 593 2258 com·
664 2208 761 2257 Froenet
771 2207 871 2270 umores]
883 2207 986 2270 Injecto
995 2208 1069 2277 uelut
1079 2207 1161 2258 fraeuo

59 2282 272 2337 modoomuium
300 2283 435 2332 literarum
463 2284 593 2347 Diogenes
632 2282 763 2333 codrceat.
803 2282 958 2333 Juvenslisr
983 2276 1084 2347 'ipone
1114 2283 1160 2333 irae

59 2356 190 2406 Laertius.
206 2358 279 2406 Idem
632 2357 714 2407 frsenn
724 2358 889 2422 modumque,
900 2358 973 2407 Pone
989 2364 1018 2408 et
1029 2357 1163 2411 avarius-³

91 2433 291 2482 Oti-Democritus
299 2431 367 2494 risit]
379 2432 539 2496 Sapientiam
550 2434 593 2483 lto·
632 2433 721 2482 Bortlr.

58 2509 158 2564 minum
169 2523 222 2562 non
233 2514 377 2570 postremus
387 2524 394 2557 z
407 2523 529 2558 sommam
541 2515 593 2558 stu·
663 2512 709 2556 101
727 2507 877 2557 Ammonemt
888 2507 966 2570 orno]
976 2507 1052 2558 Vitae
1063 2508 1162 2571 genios·

57 2585 161 2634 diorum
170 2589 198 2634 et
215 2582 347 2632 felicitatis
358 2586 472 2633 lruntsnse
485 2585 510 2633 in
522 2592 592 2633 tran·
631 2596 680 2645 que
693 2589 890 2631 suos·nstrorrrm
902 2583 1052 2644 corporibus
1063 2582 1160 2633 adscri-

59 2660 192 2726 qnillitnte
226 2661 320 2710 enimse
342 2660 463 2723 ponebat,
491 2667 589 2710 cetero
630 2656 1161 2720 bebantveteres,consensnt’ercAucto-

54 2733 208 2786 omniaiuto
219 2735 282 2789 ferti
294 2736 347 2784 risa
352 2736 416 2799 joco
428 2735 591 2800 ludibrioque
631 2745 695 2787 rutn-
712 2731 789 2786 Idem.

58 2812 183 2865 habebat,
661 2811 709 2856 lut
726 2804 893 2868 impuleritque
910 2806 1002 2868 odoros]
1032 2807 1076 2857 Sic
1097 2808 1159 2858 Del·

91 2888 318 2952 Dicitquetocendo
329 2888 492 2953 Pythagoras]
509 2889 591 2941 Quin.
628 2882 821 2946 rius„‚s0hotms
833 2886 861 2929 et
878 2881 1039 2932 Gronovius:
1057 2897 1160 2946 quomo-

58 2960 591 3028 qoenntttaciturnitateinitiabanturooc-
628 2957 661 3006 do
673 2966 701 3008 et
710 2973 743 3008 ex
753 2959 847 3007 nostris
856 2959 984 3009 meliores·
1017 2961 1159 3024 Vulgolm·

58 3038 134 3088 trinae
156 3053 211 3088 sose
233 3040 411 3104 Pythagorici,
422 3040 454 3088 ad
474 3041 591 3090 coelestia
624 3034 744 3097 plenique
774 3034 859 3089 vituts:
885 3049 1030 3098 perperam·
1070 3039 1160 3088 Chorus

57 3113 187 3181 capienda
198 3121 227 3164 ut
237 3113 332 3165 fierent
344 3116 439 3167 idonei.
457 3117 546 3167 Barth,
627 3124 674 3173 pro
686 3109 761 3159 astris
770 3110 863 3172 posuit.
877 3111 936 3159 Vel.
954 3111 1069 3174 Flaccus,
1077 3113 1123 3166 lib.
1131 3127 1158 3172 v,

89 3195 120 3240 91
143 3191 196 3239 Uno
214 3205 239 3239 se
258 3196 353 3254 pectore
381 3196 467 3244 cuncto
485 3197 590 3242 uetustos
626 3186 736 3237 ‘Qualis
755 3187 788 3234 ab
809 3187 915 3237 Oceano
936 3188 1159 3240 uitidnm'clrorus

58 3265 187 3328 Condidit]
204 3265 376 3331 Antiquitatis
394 3267 513 3316 notitiam
523 3282 588 3320 surn-
626 3264 725 3312 aethern
748 3262 850 3312 vestit?
871 3263 953 3313 sicet
974 3263 1045 3328 χόρος
1066 3264 1159 3330 torpor
1255 3271 1258 3277 '

57 3356 124 3392 mem
137 3341 409 3392 eruditionemlrabet.
429 3343 502 3392 Idem.
571 3355 573 3359 ·
627 3339 722 3402 possim
739 3339 809 3402 apud
825 3339 934 3389 Graecos
945 3341 1045 3404 politas.
1077 3342 1159 3392 Plnr'n

91 3419 185 3468 cuncto
208 3417 320 3480 vetustos]
352 3417 479 3467 tustanus
513 3421 589 3471 tanta.
626 3415 747 3478 exempla
785 3415 917 3476 congessit
947 3416 1084 3465 Boethius:
1113 3419 1157 3480 qui

56 3491 136 3551 etism
147 3506 200 3540 non
211 3493 286 3541 mole.
303 3492 337 3541 D.
349 3491 437 3540 Heius.
626 3495 713 3538 tamen
733 3504 869 3553 perperam
889 3490 1041 3553 implevitque
1059 3497 1158 3544 tuetur.

87 3573 120 3618 92
138 3567 220 3628 Medos
238 3568 341 3616 collectis
359 3567 448 3615 uiribus
467 3566 531 3629 exit]
563 3566 589 3621 Α
626 3564 762 3627 Impulerit,
772 3563 801 3612 ro
815 3564 957 3613 animaverit
968 3564 1065 3626 optime
1076 3565 1157 3614 inter·

54 3644 152 3706 ventis,
170 3648 215 3692 out
236 3643 370 3706 spiritibus
391 3643 504 3708 alioquin
521 3641 587 3693 eliis.
626 3632 754 3703 prct'ator.
786 3637 882 3689 Statius
895 3639 1027 3702 Lacrynris
1043 3639 1156 3702 Etnnci,

55 3719 146 3770 Boett.
625 3716 732 3765 ‘Servit
753 3722 780 3764 et
791 3722 919 3763 astrorum
939 3716 1014 3762 velox
1036 3714 1156 3763 chorus?

86 3799 120 3846 99
139 3793 370 3856 Ontonturoeteres]
379 3794 523 3858 Insigniore
534 3795 587 3856 glo·
627 3791 777 3854 Fulgentius
800 3789 997 3839 Astrononrico:
1026 3786 1082 3838 ‘At
1098 3789 1156 3839 cho·

54 3871 104 3932 ria,
125 3885 204 3936 qnam
225 3872 293 3936 parit
317 3886 440 3921 novorum
462 3872 588 3921 librorum
626 3879 669 3914 rus
691 3874 816 3916 astrorum
838 3866 952 3929 reliquus
969 3879 1021 3914 non
1040 3865 1155 3927 tangitur

53 3945 188 4004 conditio:
200 3947 500 4010 utetampliorelelrore.
510 3947 587 3998 Idem.
627 3942 740 3992 umbris?
773 3944 852 3992 Plura
869 3943 974 4004 collegit
990 3942 1155 3992 Passeratius

86 4027 120 4074 9⁴
136 4023 278 4086 Acudemio]
306 4024 384 4074 Notae
406 4012 518 4079 Atheon
540 4022 587 4073 At·
626 4018 847 4081 odPropcrtinm.
864 4019 898 4067 D.
911 4017 997 4066 Heius.

50 4099 115 4151 ticae
136 4098 288 4173 Sepispptnrn
320 4098 587 4165 Philosophorumqnc
657 4093 809 4160 Inpleritque
822 4091 915 4154 elutos]
932 4093 1089 4145 Numerosos
1098 4092 1155 4144 illos

52 4175 152 4235 sorbis.
164 4175 241 4234 Idm
625 4176 652 4221 st
669 4169 747 4223 certis
765 4169 863 4235 legibus
882 4169 1032 4241 inultorum
1048 4171 1154 4236 plenum
