2700 4702
126 325 212 392 ileo
460 341 516 391 cn.
541 340 755 392 oniunrrur
780 340 888 393 xcix.

126 482 167 547 In
182 481 308 546 coelum
321 489 513 566 patremque
529 484 630 560 redis
645 502 824 568 rursusque
838 486 976 567 perenni
1185 485 1228 551 25

127 582 249 646 Ordine
263 585 413 665 purgatis
430 584 549 647 adimis
565 585 718 668 contagia
731 585 836 648 terris.

125 683 179 748 'ru
195 685 298 760 soluS,
315 684 490 766 Patrisque
504 704 633 748 comes:
656 691 690 748 tu
706 685 852 767 Spiritus
867 686 996 764 insons,

126 783 170 848 Et
180 785 281 848 toties
295 805 393 861 unus,
408 787 597 869 triplicique
611 788 644 849 in
660 789 790 851 nomine
804 788 964 870 simplex:

127 883 232 963 Quid,
249 887 312 949 nisi
328 906 389 969 pro
406 889 547 963 cunctis,
565 888 680 951 aliudl
704 886 792 966 Quis
808 886 939 951 credere
955 888 1075 970 possit,

123 984 175 1051 Te
189 988 340 1070 potuisse
354 990 449 1065 mori,
466 996 597 1071 poteras
612 991 668 1072 qui
684 991 821 1054 reddere
838 991 963 1054 vitaml
1182 985 1225 1051 30

124 1150 225 1199 ueneno
236 1152 324 1200 mortis
340 1152 461 1215 dissipatis
472 1157 595 1204 reuerteris
606 1155 631 1203 in
653 1157 741 1205 Coelum
751 1160 775 1203 et
790 1155 822 1202 sd
843 1155 950 1214 Patren,
964 1158 988 1202 et
1002 1154 1088 1202 iterum
1099 1152 1162 1202 serie
1172 1166 1227 1215 per·

122 1218 194 1276 petuo
210 1217 283 1277 eripis
292 1219 453 1277 contagionem
468 1221 552 1266 mundo
567 1225 701 1281 repurgato.
733 1218 767 1267 lu
783 1220 846 1267 solus
857 1233 884 1267 es
902 1218 991 1278 Filius,
1002 1222 1026 1266 et
1036 1232 1112 1266 comes
1125 1216 1208 1264 Putris
1216 1232 1226 1274 ,·

124 1278 443 1342 &inhumanissimum
454 1283 524 1330 toties
532 1299 592 1331 unus
603 1285 683 1343 Deus,
701 1289 725 1333 et
735 1284 834 1345 simplex
848 1284 874 1330 in
884 1282 977 1330 nomine
987 1281 1127 1341 tergemino.
1163 1280 1226 1334 Quid

124 1343 199 1405 oiiiid,
208 1345 254 1390 nisi
272 1359 315 1405 pro
326 1344 432 1393 omnibus
450 1348 564 1408 personis
575 1347 676 1396 dicam?
694 1348 755 1402 Quis
762 1352 840 1409 posset
850 1347 944 1395 credere
959 1351 982 1394 te
991 1346 1096 1408 potuisse
1106 1344 1176 1407 mori,
1186 1344 1226 1407 qui

34 1452 39 1459 ,
121 1407 450 1468 poterosreetituereoitom?

125 1580 194 1643 conj.
207 1582 360 1632 Helm-24
376 1589 443 1633 uocte
456 1586 553 1645 recluso,
570 1587 611 1634 vel
630 1591 710 1635 retuso
721 1586 790 1649 conj.
802 1585 956 1636 Heius—27
973 1582 1171 1650 Spirituurnsons
1179 1598 1225 1646 pro

123 1644 229 1759 {pirrtnltlus
248 1647 326 1696 insons
347 1648 503 1698 Barth—29
522 1650 587 1705 Quid
605 1651 651 1699 nisi
670 1666 715 1714 pro
736 1650 825 1700 uinetis
846 1649 929 1714 (aliud
950 1649 1003 1712 quis
1022 1649 1116 1697 credere
1135 1648 1226 1711 possit)

595 1967 752 2042 xcix.

382 2237 435 2300 49.
480 2232 736 2299 MIRACULA
753 2232 964 2298 CHRISTI.

122 2383 307 2449 Aussnus
324 2384 500 2464 alloquitur
515 2382 670 2457 Mariam,
684 2396 752 2462 quo
768 2381 912 2463 praescia
925 2381 1028 2445 verbo

168 2485 353 2566 Concipiet,
370 2485 465 2546 salva
479 2484 679 2563 virginitate,
696 2481 815 2544 Deum.

124 2585 216 2650 Dant
229 2586 292 2648 tibi
308 2584 459 2648 Chaldaei
474 2583 660 2665 praenuntia
674 2601 808 2645 munera
823 2581 945 2664 Reges

168 2686 337 2770 Myrrham
352 2688 462 2762 homo,
477 2706 538 2748 rex
553 2704 681 2760 aurum,
698 2684 834 2765 suscipe
850 2685 943 2747 thura
960 2683 1064 2746 Deus·

122 2786 295 2851 Permutat
310 2789 463 2872 lymphas
476 2787 511 2849 in
526 2786 602 2848 vina
617 2785 780 2868 liquentia
796 2784 970 2848 Christus:
1200 2773 1222 2842 5

167 2886 246 2966 Quo
261 2891 402 2971 primum
415 2888 506 2950 facto
522 2908 559 2950 sc
575 2888 697 2968 probat
711 2905 784 2948 esse
800 2884 921 2949 Deum.

122 2987 281 3071 Quinque
295 2990 429 3071 explent
443 3006 557 3070 panes,
574 2989 687 3070 pisces
702 2987 782 3063 duo,
798 2986 903 3049 millia
918 2985 1083 3068 quinque:

164 3089 210 3152 Et
222 3076 315 3152 Dens
329 3108 373 3151 cx
388 3107 491 3169 parvo
504 3089 579 3169 plus
594 3106 768 3168 superesse
777 3088 886 3171 jubet.

154 3235 260 3298 Angelus
278 3236 385 3285 Gabriel
401 3237 527 3286 annuntiat
547 3236 645 3296 Μανία,
663 3237 768 3286 cnutone
787 3251 832 3299 quo
869 3235 918 3282 rius
936 3239 1002 3282 cerlo
1017 3232 1086 3291 suctu
1107 3232 1222 3295 condpint

121 3299 210 3361 Deum,
220 3301 311 3348 intucta
330 3301 478 3361 oin-ginone.
514 3302 592 3361 Reges
611 3301 718 3349 Cleoldoei
732 3301 803 3362 Magi
821 3251 924 3362 offerunt
942 3298 1023 3358 stoue
1039 3296 1145 3359 Christe,
1162 3299 1222 3346 dono

121 3363 205 3413 min
214 3364 397 3425 magnitudinis
407 3363 515 3424 futurae3
534 3372 561 3413 tu
571 3371 600 3413 ut
610 3365 677 3413 homo
687 3366 772 3426 recipis
783 3364 911 3427 myrrham,
923 3371 951 3410 ut
960 3376 1004 3409 rex
1013 3376 1105 3420 ouium,
1116 3367 1145 3409 nt
1156 3362 1223 3410 Deus

120 3428 201 3477 thuro.
236 3429 345 3476 Christus
355 3435 432 3477 mutot
443 3445 527 3491 equom
538 3430 564 3477 iu
583 3431 661 3477 uinum
672 3429 802 3491 ultimum,-
818 3443 862 3490 quo
873 3427 984 3474 miraculo
998 3425 1101 3487 primum
1119 3424 1221 3474 ottmdit

121 3504 146 3541 se
155 3503 204 3541 esse
209 3493 298 3541 Deum.
315 3494 394 3542 Panes
403 3493 501 3556 quinque
511 3498 534 3542 et
545 3495 590 3542 duo
599 3493 676 3556 pisces
684 3491 773 3540 satiant
781 3492 880 3555 quinque
890 3491 964 3538 millio
971 3488 1108 3551 hominnm,
1119 3493 1143 3537 et
1153 3488 1221 3538 Deus

614 3607 723 3658 Noun:

153 3705 166 3748 1
184 3701 330 3764 Alloquitur]
348 3701 379 3751 In
388 3703 494 3754 civitate
505 3705 513 3732 ‘
523 3705 649 3769 Galilaea,
689 3718 806 3764 munera,
819 3712 917 3762 nitrum,
927 3701 994 3761 thus,
1004 3704 1030 3747 et
1041 3696 1191 3762 myrrham!

119 3774 160 3824 cui
172 3789 263 3826 nornen
276 3779 299 3826 N
302 3778 423 3828 asoreth.'
721 3786 735 3828 5
754 3780 880 3827 Permutat
895 3776 1001 3840 lymphas
1016 3775 1042 3823 in
1056 3773 1124 3837 mun]
1139 3773 1147 3802 ‘
1160 3773 1219 3824 Hoc

151 3853 167 3898 2
196 3851 332 3915 Concipiol]
356 3853 451 3902 ‘Ecce
469 3853 599 3918 concipies
621 3853 648 3902 in
687 3855 751 3906 fecit
769 3856 868 3903 initium
884 3854 1014 3916 signorum
1031 3852 1108 3902 lesus
1127 3850 1153 3898 in
1172 3850 1220 3900 Ce·

118 3930 202 3990 utero,
212 3934 241 3977 et
251 3929 354 3992 peries,'
365 3933 414 3979 &c
687 3946 721 3980 na
738 3931 865 3991 Galilaea,
880 3937 907 3978 et
923 3925 1100 3976 manifestavit
1110 3926 1220 3990 gloriam

150 4004 165 4048 ³
182 4003 251 4051 Dant
263 4005 368 4053 Choldoei
378 4019 474 4053 munero
483 4002 648 4068 Reges]‘Ec·
686 4007 774 4057 suam!

119 4089 150 4126 ce
161 4076 231 4141 Magi
249 4079 281 4129 ab
299 4081 399 4129 oriente
412 4086 564 4131 venerunt...
575 4086 604 4129 et
620 4096 647 4129 s·
719 4087 735 4133 8
747 4084 807 4132 Plus
814 4081 1013 4147 superessejutet]
1028 4080 1220 4151 ‘quilegernnt

118 4151 202 4215 pertis
223 4154 351 4206 thesauris
372 4156 426 4207 suis
448 4157 597 4210 obtulerunt
622 4159 647 4208 ei
687 4172 749 4224 ergo
761 4154 1121 4224 stimpleveruntdnodocim
1133 4156 1220 4223 cophi-
