2700 4702
368 299 417 351 uu
441 298 575 349 usnnrr
599 299 738 352 'cauom
761 301 866 352 cous.
1080 288 1165 356 1439

59 435 288 503 ,nlonmutorum
302 437 598 489 labommdicitConsu·
666 443 715 489 267
733 440 863 504 lmcomt]
891 441 1084 506 contorserant,
1111 443 1166 494 vio·

64 511 157 573 latum,
169 527 245 576 quem
256 515 347 563 stimmi
357 515 459 564 bonoris
468 516 525 564 ioco
537 516 598 568 viris
636 515 701 567 lant.
732 518 868 580 Virgilius:
885 520 894 547 ⁴
907 525 1041 583 totamque
1053 520 1165 573 incestat

63 587 175 637 eraditis
195 588 346 638 tribuebant
366 591 512 653 Principes,
530 592 597 640 unde
636 589 860 642 funcreclassem!
883 595 1166 647 Incestarcdamortulo

65 669 205 727 tantopere
215 678 246 712 eo
258 664 344 727 paullo
356 674 415 715 anto
427 666 535 716 donatus
547 669 599 735 glo·
636 667 740 730 dicitur,
757 682 865 733 quorum
883 675 970 718 tactus
981 670 1169 780 abominabilis,

63 737 150 787 riatrrr
161 736 300 800 Ausonius,
316 740 415 789 Plinius
427 741 598 805 Panegyrico.
637 744 712 794 Idem.

63 814 155 865 Barsa
634 824 716 869 268
733 820 839 884 Solisque
853 823 957 882 gerenda
971 821 1098 884 Patribus]
1121 824 1166 873 ses

97 886 147 940 257
164 891 280 956 Musaque
289 870 409 958 lubitum]
432 894 598 944 Consularem
635 895 887 946 natoribnsctviris.
905 897 981 946 litem.
1154 924 1156 929 ·

65 971 166 1029 togam.
667 974 716 1019 269
732 972 815 1028 Rorpoe
836 974 912 1023 lutura
929 973 1053 1035 puriorem]
1077 973 1144 1022 Sic
1137 987 1165 1024 tn

98 1043 347 1106 Quojsngitnrurrloe
360 1045 445 1108 Curia]
473 1045 597 1095 Consula-
635 1047 829 1108 Eutropium:
820 1094 823 1098 ,
840 1048 899 1096 Heu
911 1048 1109 1112 coelrterraegne
1117 1063 1164 1112 pu·

62 1117 98 1165 ris
107 1116 287 1181 Imperatoria,
299 1120 423 1184 dignitas.
456 1123 595 1172 Noncuim
634 1120 694 1169 dor!
722 1122 841 1171 trabeata
862 1137 909 1183 per
930 1122 1020 1172 urbem
1042 1123 1164 1174 Ostenta·

62 1193 144 1242 ullum
156 1194 266 1257 legimus
276 1209 308 1244 ex
317 1197 509 1259 magistratibus
519 1197 595 1245 alium
635 1202 676 1245 tur
688 1211 759 1257 anus,
770 1199 923 1262 titulumque
934 1197 1075 1249 effoeminat
1086 1201 1163 1252 anni?

63 1271 209 1334 suscepisse
222 1271 367 1335 Principes,
380 1274 597 1337 penesquospla·
634 1272 708 1321 Idem.
1139 1313 1141 1317 ,

63 1360 125 1395 ιιιιιιι
141 1346 255 1396 οιιιιιὶιιιιι
275 1362 359 1396 rerum
379 1348 513 1398 arbitrium
531 1356 596 1400 erat.
666 1351 715 1403 2777
746 1348 868 1410 Votorum]
902 1351 1031 1400 Bonorum
1062 1365 1164 1404 succes·

63 1423 156 1472 Rani.
633 1437 715 1472 suum.
731 1424 807 1474 Idem.

60 1546 65 1561 ‚
94 1504 145 1550 258
156 1500 237 1550 Socios
244 1516 409 1564 proccrcscam
423 1503 595 1566 Princich'no·
665 1504 709 1549 271
722 1501 810 1550 Aonios
819 1503 893 1566 lucos]
906 1503 1038 1554 Musarum
1050 1504 1163 1558 oliorum.

61 1575 114 1639 git]
130 1575 208 1627 Socio
219 1584 328 1641 quatuor
343 1578 443 1641 scripti.
460 1579 595 1628 concinne.
634 1578 775 1641 Papinius:
795 1580 908 1644 ‘Neque
920 1582 987 1630 enim
998 1582 1109 1631 Annium
1119 1596 1162 1632 ne·

62 1652 102 1702 sic
114 1659 143 1702 et
153 1653 262 1703 Bartbio
267 1654 411 1717 judcisnte.
422 1669 481 1702 mox
488 1653 595 1716 rqiorait
633 1667 689 1701 mus
701 1654 799 1703 advena
809 1655 898 1715 pulso!
914 1655 988 1704 Idan.

63 1742 112 1790 pro
122 1728 234 1792 restorem
252 1736 362 1793 quatuor
379 1729 448 1779 libri.
469 1731 551 1792 putuit
569 1745 596 1780 e·
664 1732 712 1779 272
730 1729 801 1779 Felix
821 1729 935 1792 Helicon]
961 1731 1051 1780 Omnis
1070 1733 1162 1782 chorus

62 1805 126 1854 tiam
146 1811 175 1854 et
191 1810 241 1855 stat
258 1805 397 1869 legendum
412 1821 471 1855 cum
487 1807 596 1856 meliori·
632 1805 778 1855 liberaliter
815 1805 1001 1854 eruditornm·
1019 1807 1159 1908 bominum

60 1881 118 1931 bns.
134 1881 179 1930 alii
194 1887 277 1945 putaui
293 1890 320 1933 et
337 1887 399 1934 stet.-
420 1882 488 1946 quod
499 1883 596 1933 frustra
635 1886 707 1934 luera.

63 1963 170 2006 secutus
179 1957 381 2020 Rapbelengius.
409 1959 465 2007 Stat
477 1960 542 2008 lnior
552 1975 596 2022 op·
664 1963 712 2008 27³
729 1959 841 2007 Riserunt
847 1959 950 2021 fioribus
960 1958 1050 2021 omnes]
1069 1961 1161 2010 Rubos

62 2035 141 2082 timus
161 2034 303 2085 Vaticanus
322 2044 349 2085 et
369 2039 482 2087 Crescunt
496 2038 596 2087 uirtutes
631 2035 973 2098 rantoptimusvaticauus.
1008 2042 1036 2083 ut
1054 2036 1160 2098 Nuptiis
1188 2035 1192 2038 ’

62 2110 141 2172 paulo
164 2115 253 2162 ante,
279 2112 490 2175 Rapbelengiana
516 2114 594 2163 lectio
630 2110 756 2167 ,Honorii:
774 2110 1161 2172 ‘Mavortiasiguarubescunt

61 2185 201 2234 Bartbium
217 2186 296 2235 babet
315 2187 526 2251 approbatorem.
558 2189 593 2238 D.
631 2185 765 2236 Floribus!
790 2186 836 2235 sed
854 2186 1060 2242 nilmutaudum.
1092 2187 1160 2243 Vide

61 2261 151 2311 Hcias.
192 2280 195 2285 ·
631 2262 832 2325 quasuotaviarl
850 2263 981 2310 Nasonem
993 2262 1100 2312 Metam
1112 2275 1160 2311 xv.

92 2341 143 2386 259
163 2338 239 2393 Quota
249 2337 342 2400 quater]
359 2335 514 2387 Annoenim
527 2338 594 2388 Con·
632 2353 669 2388 vs.
677 2342 735 2386 205.
752 2338 786 2388 D.
798 2339 884 2387 Helm.
1152 2352 1157 2358 ·
1181 2390 1185 2395 ,

61 2414 172 2462 sulatum
184 2413 456 2476 Manliipraecedente
472 2422 593 2477 quartum
662 2412 1085 2476 Rsseruatflorabns18ubrtonatrs
1103 2426 1162 2475 por-

61 2503 120 2539 eum
136 2489 262 2539 bonorem
280 2488 358 2550 gessit
377 2489 508 2538 Honorius
526 2489 592 2553 Imp.
629 2489 807 2537 tentumeuim
820 2486 1068 2536 lanaeumimieat.
1152 2505 1156 2510 ·

60 2562 139 2615 Anno
151 2563 297 2613 Christiano
312 2567 367 2612 398.
661 2564 831 2626 Dociiumncs]
847 2565 899 2615 Qui
910 2563 1001 2612 doctos
1008 2560 1107 2612 iaciunt
1115 2576 1160 2626 po·

91 2638 208 2698 Perfecto
233 2637 304 2701 anno]
342 2637 454 2701 Explcto
481 2653 496 2687 a
524 2654 591 2691 sese.
629 2646 708 2689 tores.
725 2639 813 2691 Basib-

58 2713 592 2780 Striugitfatuametinertemambitionem
659 2721 707 2768 275
724 2716 804 2767 Rodio
814 2713 979 2777 descripserat]
1004 2711 1046 2761 Ad
1058 2713 1158 2762 Mathe.

59 2793 200 2841 mnltornm
219 2798 290 2840 retro
309 2790 464 2853 principum,
481 2791 590 2855 quiplu·
628 2791 667 2840 sin
689 2791 780 2840 Manlii
801 2789 881 2838 nostri
909 2789 1033 2852 pertinet,
1052 2802 1103 2837 non
1125 2788 1158 2839 ad

60 2883 102 2918 res
120 2868 277 2918 Consulatus
291 2866 393 2914 nominc
409 2872 510 2919 tantum
528 2867 591 2919 inie·
627 2867 731 2919 Pobsin.
748 2866 821 2916 Idem.

61 2943 231 3008 casaperota
242 2942 332 2991 dicbus
342 2941 478 3004 gerendos.
495 2942 582 2992 Barth.
658 2945 706 2991 277
723 2938 910 3002 biminouostri]
927 2936 1031 2988 Allusus
1042 2954 1096 2989 mos
1106 2941 1157 2990 Ro.

90 3022 140 3071 263
161 3019 268 3070 Ornatur
280 3016 395 3083 propriis]
413 3016 510 3067 Eadem
523 3032 590 3067 com·
627 3032 716 3067 manus
729 3031 779 3081 qno
797 3015 874 3068 officii
893 3015 976 3079 gratia
994 3030 1075 3065 novus
1087 3016 1153 3065 Con-

30 3118 34 3130 ·
59 3095 168 3145 mendat
179 3095 206 3143 in
217 3094 357 3147 Stilichone
368 3107 399 3143 rr.
411 3093 536 3141 Laudum.
626 3092 665 3139 sul
685 3089 875 3153 producebatur
894 3089 926 3137 ab
943 3089 1031 3148 amicis
1049 3090 1156 3155 aliisque

90 3170 206 3234 Propriis
231 3169 349 3219 industria
371 3167 448 3230 donis]
485 3167 589 3217 Meritis
627 3165 1157 3230 proceribus,adoapessendumhonorem.

60 3247 130 3297 nulla
141 3246 291 3308 ambitione,
303 3246 379 3294 nullis
389 3245 462 3292 donis
474 3244 523 3307 ipsi
530 3245 589 3293 sub·
628 3243 702 3291 idem.

58 3323 160 3379 tractis.
183 3322 247 3384 Ipsa
258 3322 325 3370 enim
337 3321 417 3369 virtus
426 3333 529 3369 suorum
540 3319 589 3369 sibi
658 3324 707 3370 278
726 3319 829 3369 Vicimus
838 3317 911 3380 ades]
932 3317 997 3369 Post
1014 3319 1081 3368 brino
1100 3333 1157 3371 ver,-

60 3398 187 3448 donorum
198 3404 282 3446 mater
293 3405 343 3445 est.
360 3396 448 3444 Burib.
627 3411 682 3446 sum
697 3396 724 3447 in
743 3394 841 3458 optimo
852 3394 989 3456 Vaticano,
1005 3393 1084 3456 priori
1096 3394 1156 3444 Lei·

90 3478 142 3526 264
152 3473 273 3536 Ambitus,
280 3472 388 3535 invidio]
405 3471 589 3521 Portentaduo
627 3472 708 3534 densi,
720 3477 748 3520 ct
763 3485 815 3519 uno
834 3471 929 3520 Mousti
939 3470 1004 3518 libro
1016 3470 1081 3517 alius
1092 3469 1155 3533 legi-

58 3549 230 3601 bumanorum
249 3550 364 3601 laborum
383 3549 476 3612 quibus
507 3548 589 3596 virtus
627 3556 677 3612 tur,
689 3562 766 3613 quem
777 3562 823 3595 suo
833 3546 892 3594 loco
903 3545 1069 3594 inserendum
1081 3559 1155 3597 cura.-

55 3624 589 3690 „sapi'usquamnllavilrostiliconcntitur,
627 3624 718 3672 rimus.
758 3617 913 3670 Oxoniensis
933 3627 961 3669 et
987 3619 1154 3671 Lovaniensis

58 3708 87 3752 et
98 3701 214 3766 promtis
222 3701 391 3764 ingenuitatis
402 3716 453 3751 suae
464 3701 589 3751 interver-
627 3699 744 3748 codicum
769 3695 879 3759 margini
906 3696 984 3745 etiam
1008 3695 1154 3758 adscriptus

58 3778 134 3828 titur.
153 3777 230 3828 Idem.
626 3782 690 3827 erat.
723 3776 774 3827 Qui
796 3781 882 3823 tamen
901 3787 987 3823 omues
1006 3779 1155 3824 constanter

56 3888 61 3897 ·
88 3858 141 3907 266
158 3854 216 3903 Noa
229 3853 475 3916 bicoiolutocrrralis]
501 3853 532 3902 ln
552 3853 590 3901 iu·
627 3852 713 3901 Notior
727 3850 999 3900 cstSiiiiclsooedomas.
1016 3849 1155 3898 nullosen·

56 3929 155 3984 sidiam
173 3929 348 3979 Orientalium
365 3930 477 3993 partium
492 3929 589 3979 bocdl·
626 3942 664 3977 sn.
697 3928 783 3978 Quare
796 3924 981 3974 admittendam
993 3925 1082 3973 censui
1095 3924 1171 3995 feli-4

54 4006 104 4071 cit,
122 4005 222 4070 ,quibus
249 4007 418 4056 Consulatum
445 4005 504 4054 iniit
530 4020 589 4055 cum
625 4002 753 4052 cissimam
764 3999 1155 4064 GasparisGevartiiconjcctu·

55 4082 152 4138 Mattio
171 4083 221 4136 boc
239 4088 328 4138 nostro
346 4082 487 4146 Eutropius
503 4082 588 4132 Eunu·
625 4093 680 4127 ram
698 4076 845 4140 reportantis
852 4092 863 4135 ι,
880 4075 969 4125 Notior
983 4080 1019 4125 cst
1037 4074 1153 4140 Helicona

54 4159 128 4223 chus,
147 4156 223 4212 Istas.
623 4156 711 4205 domas.
726 4152 1007 4218 quomodopsrlteras
1018 4165 1153 4219 menapos
