2700 4702
199 281 287 349 1328
373 297 481 345 norm
506 295 707 345 vnarunuru
733 294 854 344 rnen.
876 293 1018 343 curun.
1044 294 1128 343 vrrr.

198 441 387 504 Andragslbio,
407 439 435 488 iu
457 437 553 489 lectica
575 437 664 503 specie
690 439 730 489 Fl.
769 452 827 489 eum
849 434 1053 501 transfugerunt,
1075 450 1110 485 ex
1127 434 1222 499 angulo
1240 449 1300 499 qas-

198 518 322 577 Msximre
350 516 508 567 Constantius
532 514 602 580 Aug.
629 514 731 578 latenti,
768 513 828 564 darn
844 513 877 562 ad
895 514 1007 575 Europa
1027 512 1174 576 Imperium
1184 525 1298 576 progres-

198 595 359 650 uccisusest.
768 604 834 638 sum.
866 590 932 638 Tota
952 589 1060 652 periodo
1079 588 1193 653 urgerat
1212 588 1301 640 laudst.

206 711 210 716 .
234 669 350 733 Uterque]
378 667 510 719 Maximus
528 673 557 716 ct
578 667 728 729 Eugeniusr
768 664 968 729 providentiam,
989 664 1098 714 Maximi
1119 663 1255 715 audaciam
1273 670 1298 712 et

197 748 240 799 blc
251 762 312 797 vero
321 744 483 808 Arboqastis,
497 743 541 793 ille
561 741 732 806 Andragatlrii
768 739 891 791 virtutem
903 741 1034 804 bellicam,
1051 755 1109 805 qum
1123 741 1179 792 duo
1188 741 1299 805 jnactln

198 838 274 874 manu
297 838 358 872 usus
381 822 465 870 estin
488 820 638 884 parricidio.
678 819 732 873 Sed
768 819 796 868 in
811 818 937 880 Tyrannis
948 818 1030 868 tantis
1042 817 1173 869 devicisse
1188 816 1299 867 'illeodo-

198 906 308 963 uterque
327 897 431 947 sceleris
449 897 568 946 minister
584 896 633 947 sibi
650 897 730 947 vitam
768 894 843 955 sium,
864 901 989 943 summam
1016 895 1073 958 ejus
1094 893 1216 959 laudum,
1229 892 1298 944 troia

198 976 304 1026 ademit.
338 976 433 1024 Claoer.
769 969 857 1019 Burid-

232 1055 361 1116 Resperssu
375 1047 482 1114 sterque]
497 1048 560 1099 Pari
571 1048 679 1098 crimine
686 1047 729 1112 ju·
800 1048 832 1093 78
851 1045 901 1093 Hic
918 1058 1021 1107 quarere
1034 1048 1089 1094 tuto
1100 1043 1233 1107 Procillus]
1251 1043 1299 1093 Es·

197 1143 276 1179 senes
295 1129 471 1190 Imperatores
491 1126 650 1185 exstinxere,
662 1124 730 1175 Gra·
768 1119 990 1184 qeniidoctriuaur
1001 1120 1169 1175 coarmandat
1176 1120 1300 1185 Zosimus,

198 1206 296 1268 Qum
308 1203 447 1263 Maximus,
458 1201 667 1251 Valentinianum
678 1201 730 1250 Eu·
768 1194 864 1258 quique
875 1195 1047 1258 Philosophus
1059 1194 1152 1247 fuerit.
1185 1197 1260 1247 Idem.

198 1281 298 1344 genius.
316 1279 368 1329 liic
377 1277 531 1339 Arboqastls
540 1276 631 1338 cliens,
642 1282 670 1326 et
681 1275 729 1325 sub
800 1275 833 1320 80
850 1271 919 1320 lutra
929 1272 1033 1320 alawra
1043 1270 1166 1334 recusus]
1196 1273 1257 1324 Nou
1267 1272 1301 1324 is·

199 1370 231 1405 eo
241 1355 404 1418 imperatam
423 1354 467 1403 ille
479 1352 730 1402 domnsTbeorlnsla·
767 1352 816 1411 ter,
825 1349 935 1398 Luceus.
946 1355 975 1398 et
986 1348 1151 1412 aliqnatalli.
1168 1350 1203 1399 D.
1216 1349 1298 1402 Han.

196 1444 339 1481 naeverns.
372 1428 460 1478 Barth.
802 1427 871 1475 Ister
891 1427 994 1475 claustra
1014 1425 1137 1488 reduetus]
1168 1426 1236 1480 Quae
1251 1441 1301 1477 me·

206 1511 264 1559 :lo
281 1503 494 1565 lamtlrjagau]
516 1503 613 1567 Jugulo
631 1504 730 1555 caedem
768 1516 799 1555 m
830 1501 968 1564 felicitate,
993 1516 1065 1552 mero
1093 1500 1186 1552 favore
1214 1502 1300 1554 divine

196 1580 494 1644 intelligasangulncm.
518 1580 648 1642 sedulius,
664 1582 730 1633 l.1v.
767 1578 884 1641 pervasit
894 1578 1062 1628 Theodosius.
1079 1579 1138 1645 Ego
1150 1579 1299 1642 verosuspi·

198 1659 206 1685 ‘
220 1670 279 1706 cnm
291 1655 408 1718 prioridie
424 1662 486 1703 aute
502 1655 613 1705 tribunal
634 1657 732 1721 Staret,
767 1671 813 1706 oor
823 1655 1008 1720 Arbogastem,
1019 1656 1218 1721 minascoguits
1229 1659 1300 1707 Prin·

197 1739 229 1791 ut
239 1732 273 1781 ad
288 1731 407 1794 jugulum
419 1730 513 1782 duetus
525 1731 675 1781 rrritissinrus
686 1748 730 1795 ag·
768 1733 834 1797 cipis
842 1734 1008 1794 strenuitate,
1018 1733 1088 1784 ultro
1096 1749 1156 1783 eum
1164 1735 1299 1786 admitten-

199 1807 265 1858 nus!
292 1808 334 1857 De
346 1806 468 1857 Gratiani
482 1807 631 1857 innocentia
646 1807 731 1857 Auso·
768 1808 828 1857 doni
840 1808 981 1869 censuisse,
991 1814 1021 1857 ut
1036 1807 1164 1859 videlicet
1178 1824 1226 1859 auo
1236 1824 1301 1860 com-

198 1885 257 1940 sius
281 1883 462 1947 Panegyric03
489 1882 523 1932 dc
553 1884 731 1933 valentiniensi
767 1882 1300 1948 modolocameliorainsidens,ejnsexer·

197 1959 352 2009 Ambrosius
362 1959 487 2007 Sermone
498 1958 553 2021 ejus
562 1958 683 2008 Funebri.
768 1958 846 2008 citum
858 1959 1044 2021 pessumdaret.
1077 1961 1170 2011 Burs.

232 2035 335 2085 Noritae
355 2035 441 2083 audere
464 2033 555 2098 priori]
588 2035 730 2084 Maximum
801 2037 831 2082 81
858 2034 940 2083 Morte
955 2033 1035 2097 pares]
1061 2035 1170 2096 Negant
1189 2035 1301 2086 nonnulli

199 2111 320 2162 Tortunae
342 2110 469 2170 novitate,
492 2111 540 2160 hoo
560 2116 610 2171 est,
630 2125 731 2160 succes·
769 2108 974 2157 Christianorum
993 2109 1026 2158 de
1043 2110 1228 2176 Eugenio,qui
1243 2113 1300 2162 rlnm

194 2202 271 2237 >unm
279 2186 426 2236 incredibili
433 2186 579 2247 celeritate,
586 2186 732 2248 Eugenium
769 2185 900 2247 supplicat
911 2183 1068 2246 Theodosio,
1078 2201 1094 2234 a
1105 2186 1188 2237 milite
1199 2188 1301 2238 obtrun-

197 2264 268 2315 illins
284 2264 430 2326 exemplum
451 2262 584 2324 mitigasse
603 2261 678 2322 dicit,
697 2262 731 2311 ad
769 2266 856 2309 catum
868 2259 994 2309 scribunt.
1028 2260 1069 2309 Dc
1089 2261 1208 2312 Maximo
1225 2264 1302 2313 etism

199 2352 276 2402 quem
287 2339 440 2388 transissent
460 2337 562 2386 scilicet
578 2342 617 2386 tot
634 2337 732 2386 exerci-
768 2351 819 2386 non
832 2351 906 2384 neruo
919 2336 1004 2385 aliter.
1038 2336 1113 2386 Idem.

200 2417 251 2475 tus,
271 2420 311 2462 tot
320 2414 441 2463 civitates
458 2428 517 2464 cum
532 2413 663 2476 opulentis
674 2427 733 2477 pro·
800 2417 832 2461 82
849 2411 971 2473 Dedecus]
987 2409 1011 2463 Α
1028 2427 1129 2463 summo
1148 2413 1263 2476 Imperio
1276 2415 1304 2463 in

198 2487 291 2536 vinclis
302 2487 467 2539 defecissent.
489 2488 576 2537 Possis
587 2489 732 2539 novitatem
768 2489 882 2538 infimam
898 2490 1060 2547 servitutem,
1071 2490 1142 2552 qrrnd
1153 2496 1239 2543 morte
1249 2491 1302 2554 ipss

199 2563 278 2613 etiam
287 2564 388 2626 generis
401 2564 529 2613 vilitatem
541 2578 647 2627 capere,
657 2565 731 2626 cujm
768 2566 882 2615 atrocius
890 2572 982 2614 notant
993 2565 1146 2628 Hieronymi
1157 2567 1249 2616 verba.

199 2654 261 2703 ergo
270 2641 385 2693 Pacatus
397 2639 504 2691 mirifice
518 2639 633 2690 traducit
647 2641 731 2691 Maxi-
801 2641 888 2690 Mistia
898 2640 964 2701 telis]
982 2642 1013 2690 ln
1026 2641 1092 2702 acie,
1103 2640 1230 2693 condictu
1240 2643 1302 2692 mili·

199 2731 285 2778 mum3
323 2723 351 2765 ct
375 2718 531 2779 armigerum
553 2717 631 2766 lixam
652 2717 732 2767 fuisse
769 2718 828 2767 tari.
861 2718 927 2766 Telo
949 2717 1018 2765 enim
1041 2716 1180 2767 Caruiiicis
1200 2718 1302 2768 cecide·

199 2799 320 2843 testatur.
352 2793 440 2842 Bertlr.
768 2793 945 2843 monitoriis.

231 2871 263 2917 tl
290 2870 434 2930 Tantumque
453 2867 541 2917 dobunt
569 2871 676 2932 campio
696 2884 732 2918 se-
801 2875 833 2919 83
850 2869 947 2918 Amissa
968 2868 1053 2930 spacia
1065 2869 1144 2932 raptis
1160 2869 1302 2934 insignibus]

198 2944 291 3008 quenti]
311 2945 449 3007 Sequentem
460 2947 549 3009 scripti
568 2945 624 2996 fere
634 2961 731 2997 omues.
769 2945 862 2995 Pacati
874 2944 954 2994 verbs
966 2958 1020 2995 rem
1039 2943 1072 2993 ob
1088 2945 1177 2994 oculos
1195 2953 1301 3010 ponam,

199 3023 223 3070 d.
234 3035 254 3070 e.
271 3026 409 3083 sequentem.
444 3022 567 3070 Lucensis
584 3029 612 3071 et
630 3031 731 3085 septem
769 3025 795 3073 in
806 3024 916 3074 Maximi
927 3037 989 3073 saue
1000 3022 1148 3074 miseranda
1159 3023 1247 3074 clade.

199 3097 609 3165 alii,cautumqued.e.eequealem:
624 3100 731 3162 optimc.
801 3100 890 3163 Raptis
904 3098 1046 3161 insignibus]
1062 3099 1185 3162 Purpura
1202 3097 1303 3164 Augus·

199 3176 313 3238 Vulgata
321 3176 399 3224 lectio
411 3190 513 3224 sensum
522 3190 573 3224 non
586 3176 674 3225 babet.
684 3179 731 3227 Su·
769 3176 825 3237 tali,
837 3191 895 3239 quse
916 3176 981 3224 adeo
996 3180 1088 3225 sumta
1104 3181 1172 3236 erut,
1192 3180 1224 3224 nt
1237 3175 1303 3239 prio·

199 3264 247 3314 pra
267 3250 342 3299 initio
362 3251 435 3312 hujus
454 3250 530 3299 libri:
555 3251 665 3300 ‘Cauta
682 3267 731 3300 uer.
768 3268 823 3301 rum
837 3254 982 3316 principum
995 3254 1302 3316 gestarentposteriorss·

199 3323 297 3395 profuit
314 3326 381 3374 hosti
401 3325 510 3374 Munitis
527 3326 629 3376 haeaiase
649 3328 731 3378 locis.'
768 3328 810 3376 Sic
821 3329 992 3378 Constantino
1008 3329 1139 3392 qnondam
1151 3329 1301 3393 spanianu-

199 3398 244 3465 Ita
262 3408 290 3450 et
306 3401 374 3449 curis
393 3401 513 3449 secundis
530 3401 657 3452 divinavit
669 3405 733 3452 Bar·
768 3409 822 3452 turn
834 3404 955 3467 auspiciis
967 3405 1074 3468 Imperii
1085 3405 1262 3456 Theodosium
1272 3419 1300 3454 ex

198 3476 278 3526 lbius:
286 3478 649 3540 quanquamcantumqueapud
660 3479 733 3530 illum
768 3479 850 3543 magis
862 3480 953 3542 priscis
966 3480 1057 3530 scribit
1068 3481 1186 3530 Micbaiil
1199 3483 1301 3546 Glycer-

198 3553 295 3616 legitur
307 3553 464 3616 typographi
481 3567 578 3617 errore,
592 3560 621 3602 nt
632 3555 731 3617 opinor.
801 3554 948 3617 Insignibus]
974 3554 1090 3617 Imperii.
1118 3555 1208 3607 Certis
1229 3556 1301 3617 nolis,

198 3629 330 3679 ornetur.
768 3632 860 3695 quibus
880 3631 913 3679 ab
924 3630 1068 3680 bominibus
1083 3631 1203 3682 homines
1213 3633 1300 3683 distin·

234 3704 378 3764 Tantumque
402 3702 488 3750 dabant
507 3705 615 3765 exemplu
636 3718 731 3766 sequen·
767 3714 887 3770 guantur.
910 3706 1074 3769 Dignitatem
1082 3709 1301 3759 monstrantium

198 3778 232 3842 ti]
260 3779 320 3828 Hoc
336 3786 387 3838 est,
410 3786 510 3826 tantum
530 3779 630 3827 consilii
649 3786 730 3828 etau-
766 3781 845 3845 dicia,
854 3782 903 3831 hoc
916 3782 1018 3831 nornine
1029 3791 1179 3833 censentur.
1207 3785 1301 3844 Florus,

200 3855 283 3907 decise
312 3856 392 3904 dabat
432 3856 549 3916 Eugenio
587 3856 730 3905 Parricidae
757 3856 1135 3921 .lib.1.‘lnsignibus,qaibus
1156 3859 1235 3922 regni
1249 3859 1300 3922 dig-

199 3932 309 3981 Maximi
328 3933 483 3994 exemplum,
494 3932 669 3994 quantumi
686 3946 731 3981 no·
768 3934 836 3983 uitas
849 3932 966 3982 eminet!
985 3934 1075 3984 Bnrtls.

199 4008 264 4057 uitus
284 4007 394 4055 dederat
408 4007 458 4071 ipsi
473 4007 599 4055 Maximo.
628 4007 731 4056 Novitas
798 4013 830 4058 et
848 4010 878 4057 ln
891 4009 970 4058 nubas
987 4011 1077 4058 rediere
1090 4009 1159 4072 asos]
1184 4008 1302 4059 Alterius

199 4081 316 4133 blaxinro
333 4083 403 4142 data,
423 4090 464 4132 est
483 4083 621 4132 inusitatus
640 4090 732 4145 terror,
766 4084 985 4146 Grcrnmutici,ut
1002 4084 1112 4133 videtin
1129 4082 1301 4148 Sommllb·

199 4170 251 4227 quo
271 4158 399 4225 perculsu
421 4158 543 4211 Graumi
561 4159 677 4224 legiones
697 4159 732 4209 sd
767 4165 843 4231 mut.
858 4159 1303 4237 qblterinreraemrrnigerblin,
