2700 4702
486 314 526 364 iu
551 312 729 365 auriuou
752 313 827 364 aru.
852 313 877 364 r.
1135 297 1222 364 1259

117 457 329 524 humanu.
362 459 451 510 Barth.
725 457 815 506 Miattc
823 456 910 520 Μ]
924 457 998 516 Daci,
1013 456 1104 521 populi
1113 456 1224 520 Septen·

102 588 105 593 ,
152 539 203 585 807
227 535 320 585 Ardent
340 539 487 598 prosternere
507 535 578 597 sires]
609 533 652 582 Sic
693 533 827 593 triouales,
846 532 940 581 Gothis
960 533 1043 582 ricini.
1061 531 1124 581 luo.
1144 544 1224 581 mv,

121 609 215 673 scripti
226 624 325 669 onmes,
340 624 392 659 non
410 612 505 659 cutm.
537 610 652 669 Statius-3
691 615 716 659 t.
734 610 781 658 sub
793 608 906 658 Arcadio
921 615 949 658 et
966 609 1083 657 hlonorio
1094 608 1152 657 ΛΑ.
1181 621 1225 672 pu·

122 685 273 748 ‘Sternere
281 686 350 736 ferre
361 687 448 735 domos
455 685 547 734 ardent
557 689 573 734 :⁸
584 691 654 733 amat
693 685 783 735 rebant
794 684 926 746 Romanis,
945 691 1030 732 tarsen
1040 684 1088 733 nub
1109 683 1224 746 Augusto

124 760 198 810 ualde
221 771 312 821 noater
333 763 360 811 id
386 762 508 810 verbum:
534 760 595 808 alibi
621 759 654 808 de
692 759 890 809 nondnmricti.
916 759 1056 821 11.Georg.
1080 758 1225 808 ‘Autron-

124 836 252 897 leouibus,
270 839 391 887 ‘alacres
406 837 500 886 ardent
517 851 575 884 curu
593 841 656 884 ster·
688 836 777 899 jurato
797 834 958 884 descendeus
978 836 1067 883 Dacus
1078 834 1111 883 ab
1131 833 1226 883 lstrot'

124 925 186 972 nere
198 920 288 962 tauros
298 913 314 962 ι’
333 914 369 962 sic
380 915 455 962 cubat
464 919 610 976 prosternere
622 912 655 960 de
694 927 773 975 qnare
794 919 824 961 et
842 911 910 960 idem
924 910 1056 973 Augustus
1081 910 1227 973 expeditio·

124 988 242 1048 leonibus
253 989 279 1037 iu
290 989 366 1037 simili
378 990 571 1052 comparatione
583 988 656 1050 Epis·
694 1002 753 1036 nem
766 987 791 1034 iu
803 987 890 1035 Dacos
899 987 1042 1035 meditatus
1053 992 1103 1035 est.
1118 987 1226 1035 Sueton.

126 1064 180 1112 tola
203 1063 388 1127 deprecatoria
416 1065 449 1114 ad
477 1065 655 1114 Hadrianum:
695 1064 721 1112 in
732 1079 764 1112 eo
775 1078 834 1126 cap.
847 1067 870 1112 8.
888 1064 956 1112 Flor.
968 1065 1114 1112 l.1v.c.l².
1141 1061 1226 1111 lidum

124 1139 210 1191 ‘Quae
227 1141 350 1189 stravisse
370 1142 468 1201 calent,
483 1141 573 1189 eadem
587 1153 658 1202 pros·
695 1148 741 1190 aut
752 1140 861 1189 rebelles
873 1140 921 1188 sub
933 1143 1046 1198 Nemue,
1055 1147 1101 1189 ant
1113 1137 1227 1188 noudum

125 1215 372 1279 trntnreliuquunt.’
404 1215 527 1264 ltaenim
545 1214 657 1263 illicloci
695 1215 805 1266 subacti.
834 1216 929 1266 Scuec.
945 1216 1058 1279 'lbyente
1070 1214 1131 1264 Art.
1142 1227 1185 1264 111.
1201 1214 1229 1262 lu

125 1291 274 1339 monebitur
285 1291 312 1338 iu
328 1291 431 1353 optimis
449 1289 603 1338 membranis
615 1303 658 1336 ex·
696 1292 788 1341 choro:
806 1299 834 1341 et
844 1292 888 1355 qui
898 1292 945 1340 sub
957 1289 1048 1339 eodem
1060 1289 1165 1353 scripsit
1183 1288 1228 1338 Se·

125 1371 214 1415 stare:
225 1366 443 1427 flograutelirlere,
462 1367 505 1414 lib.
518 1379 548 1415 u.
565 1366 590 1413 iu
607 1365 659 1413 uu·
696 1383 753 1418 nec.
772 1369 849 1431 epist.
868 1373 909 1418 tl.
921 1367 990 1418 tine:
1008 1377 1037 1417 ut
1048 1369 1168 1417 bellicatus
1183 1380 1229 1418 cot

125 1440 217 1504 fiam,
238 1457 275 1491 vs.
295 1446 351 1492 437.
373 1442 550 1504 preeuntibus
569 1440 660 1503 priscis
698 1445 831 1494 celebrat:
853 1460 937 1507 neque
959 1446 1027 1493 enirn
1053 1453 1130 1508 puto.
1146 1443 1230 1494 Date·

126 1516 461 1580 exemplaribuscastignvi.
475 1516 560 1578 Silius,
570 1516 660 1564 liber.
698 1522 845 1584 tegendum,
888 1523 976 1571 Dacos
1004 1535 1055 1569 non
1089 1521 1231 1584 inperauit,

126 1593 235 1641 ‘Marte
247 1591 359 1655 probare
377 1606 458 1655 genus
475 1589 603 1655 factisque
617 1591 661 1638 bt·
700 1597 744 1645 sed
758 1597 978 1646 teutarittautnm
989 1597 1157 1658 Domitianus,
1167 1595 1231 1645 licet

127 1683 195 1729 cona
213 1675 347 1730 parentem
371 1666 521 1717 Ardebant!
564 1668 662 1717 Noster
700 1672 820 1721 aduletur
840 1672 906 1721 Stat.
917 1672 962 1720 lib.
975 1684 993 1719 ι.
1009 1670 1135 1719 Thebaid.
1147 1670 1232 1732 princ.

127 1744 196 1793 libro
217 1745 344 1807 proximo,
362 1745 493 1807 ‘illyricis
511 1744 587 1793 ardet
605 1758 660 1792 sue·
699 1751 742 1798 ‘et
764 1749 900 1810 conjurato
922 1747 1041 1810 dejectos
1059 1746 1157 1794 vertice
1177 1745 1232 1793 Da·

129 1834 237 1869 currere
255 1819 372 1868 domnis!
404 1820 485 1882 Apud
502 1819 662 1882 virgulto.
700 1822 761 1873 cos!
778 1824 955 1871 Veruntamen
974 1822 1232 1884 aTrajanoprimum

129 1909 168 1953 xi.
180 1899 239 1944 895.
255 1897 262 1921 ‘
276 1896 419 1958 primaeque
435 1896 500 1945 rnori
516 1909 564 1958 pro
575 1895 662 1943 maui-
701 1899 820 1959 (lomitos‚
832 1907 929 1962 praeter
939 1899 1090 1958 historicos,
1102 1905 1189 1946 noster
1200 1896 1233 1946 de

129 1969 303 2040 brisardent!
330 1970 373 2019 Ita
384 1970 489 2032 optime
499 1969 664 2032 membrana,
702 1990 739 2025 vi.
751 1977 829 2024 eone.
843 1975 943 2025 Honor.
959 1977 967 2003 ⁴
981 1977 1065 2023 Dacia
1077 1976 1234 2036 bellipotens

130 2062 189 2109 cum
202 2047 258 2110 pari
270 2046 346 2094 ruodo
357 2048 444 2094 nudent
456 2046 508 2094 illic
524 2047 601 2093 etiam
614 2045 664 2094 loci
702 2067 781 2116 quum
799 2050 909 2113 fregerit
927 2052 1019 2113 Ulpius
1036 2050 1131 2098 arura:'
1148 2051 1233 2114 deque

129 2123 157 2171 in
174 2123 285 2185 vulgatis
307 2121 380 2169 libris
395 2120 606 2170 circumferatur:
625 2136 664 2169 se·
702 2127 741 2175 his
762 2126 831 2174 idem
852 2127 1036 2189 triumphavit:
1054 2126 1088 2174 de
1102 2139 1139 2174 vs.
1158 2123 1235 2174 Cobs.

129 2199 222 2262 quenti
234 2211 309 2245 versu
327 2211 375 2260 pro
391 2198 450 2244 Jom
463 2203 554 2257 genter,
565 2200 665 2260 Jamque
704 2203 775 2251 Hon.
792 2202 872 2250 ‘Alta
881 2204 949 2265 quod
963 2204 1082 2251 invectus
1094 2200 1184 2250 stratis
1195 2214 1236 2249 ca·

133 2272 558 2338 GetosGyralcl.acLucens.cnm
569 2275 666 2322 Pricae·
704 2277 906 2342 pitoliaDucis.’
942 2278 1051 2340 Demprt.
1270 2316 1277 2323 .

132 2364 182 2398 ano
195 2356 223 2397 et
234 2349 301 2396 Laeti
312 2349 458 2410 excerptis:
477 2357 504 2397 et
522 2364 568 2410 pro
589 2364 667 2412 recep·
736 2359 783 2405 sll
804 2355 946 2417 nauperes
967 2354 992 2402 in
1016 2355 1099 2417 pecrla
1120 2353 1238 2416 autumat]

131 2430 180 2486 tut,
208 2423 322 2472 nonnulli
349 2429 469 2472 retentat.-
495 2425 559 2472 nihil
586 2433 665 2474 muta.
705 2431 828 2479 Omnium
847 2429 902 2479 fere
926 2430 1045 2478 Thraciae
1072 2430 1236 2493 scythimque

133 2500 245 2564 Laudib·
263 2501 384 2548 serenat:
408 2505 516 2561 ‘gemet
538 2514 601 2563 quas
622 2499 667 2548 foe·
705 2507 823 2569 gentium
851 2507 920 2568 apud
950 2507 1048 2555 Poe‘tas
1078 2506 1237 2556 consuetudo

133 2576 199 2625 dere
212 2578 293 2625 Mina
305 2574 422 2639 recepit!
457 2577 491 2624 D.
504 2577 590 2624 Hune.
706 2583 832 2644 sauguine
843 2583 936 2645 equino
948 2583 1008 2630 lacti
1020 2584 1101 2631 mixto
1119 2587 1238 2646 propotu

133 2709 137 2714 .
168 2657 217 2700 308
236 2650 336 2714 Gentes]
363 2649 468 2700 Alienos
493 2651 526 2700 ab
552 2652 667 2716 Imperio
706 2657 752 2704 uti.
789 2657 832 2704 De
849 2657 1006 2718 Massagetis
1023 2661 1123 2719 pariter
1137 2658 1240 2705 Seuera

134 2728 262 2787 Romano,
279 2725 415 2774 Barbaros.
707 2731 819 2795 OEdipo:
836 2733 949 2780 ‘Locren
961 2733 1121 2791 Massagetas
1141 2732 1184 2795 qui
1196 2745 1239 2793 po·

170 2803 260 2851 Gruter
281 2802 412 2864 lucrumque
433 2801 522 2864 monet]
555 2802 669 2866 Propter
706 2808 766 2856 culn
781 2806 1027 2868 sanguiuemiscet.'
1053 2807 1141 2855 Barth.
1263 2813 1266 2820 “

135 2877 329 2942 Rhadagaisuni
341 2877 464 2938 Scytham
475 2877 524 2925 hoc
541 2877 615 2939 dicit,
625 2879 670 2942 qui
739 2886 787 2931 312
806 2881 960 2943 Patriamque
970 2881 1049 2929 bibens
1062 2882 1164 2929 Moeotiu
1183 2883 1241 2931 Alo·

138 2968 154 3001 a
169 2952 262 3002 Rufino
277 2968 334 3000 cum
344 2965 385 3001 cc.
397 2953 509 3000 millibus
520 2953 671 3016 Scytharum
706 2957 761 3019 nuc]
789 2956 901 3009 Quidam
919 2957 1022 3019 scripti,
1036 2957 1187 3019 patriumque
1206 2958 1241 3006 hi·

137 3028 318 3079 etGothorum
329 3028 355 3075 iu
367 3028 470 3076 Italiam
481 3029 581 3076 excitus
591 3029 670 3078 venit.
707 3033 763 3082 bens
786 3032 882 3080 Moeotir
906 3032 1036 3081 Orontem:
1061 3033 1241 3081 ntMaeotides
1313 3072 1317 3081 .

139 3103 259 3166 Orosius,
270 3118 319 3153 vu.
332 3109 373 3153 at.
399 3105 426 3153 Is
444 3113 530 3154 autern
543 3106 671 3168 Radagai·
707 3109 826 3159 foeminas
851 3107 998 3170 intelligat:
1028 3109 1155 3172 qrnomodo
1172 3108 1242 3172 apud

138 3195 183 3231 sus
196 3196 211 3228 a
222 3180 363 3240 Stilichone
377 3181 493 3229 exercitu
512 3180 598 3229 deleto
613 3195 672 3243 cap·
709 3187 835 3235 Senecam
844 3185 938 3234 Troad.
975 3186 1082 3234 Tanaitis
1093 3190 1116 3234 et
1129 3186 1244 3235 Meotte:

139 3266 183 3308 tus
194 3264 253 3318 est;
270 3257 377 3306 Rufinus
391 3265 482 3325 vnutent¹
496 3264 549 3305 turu
565 3258 621 3320 jam
632 3271 673 3308 rc·
709 3268 738 3311 et
749 3261 828 3311 Ovid.
845 3261 913 3312 ‘Qui
924 3260 1001 3310 modo
1017 3261 1156 3324 peltiferns
1172 3261 1243 3311 tuuis

138 3340 249 3396 ceperat
260 3335 365 3383 meritas
377 3348 474 3397 poenas,
490 3333 522 3381 ad
536 3334 605 3382 urbis
617 3333 672 3382 cP.
710 3337 849 3387 Maeotidas
862 3337 939 3384 armis
951 3336 966 3384 :²
983 3337 1029 3385 sed
1041 3337 1103 3385 nihil
1122 3337 1173 3385 illis
1185 3351 1244 3385 cum

139 3411 323 3470 obtruncatus.
711 3412 830 3461 Oronte:
850 3413 933 3473 proba
944 3412 1024 3474 igitur
1035 3414 1141 3475 vulgata
1149 3412 1242 3461 lectio:

174 3487 301 3550 Receptut]
328 3487 442 3549 Recipit.
474 3485 551 3534 More
578 3484 674 3533 Po'e'ta·
711 3495 739 3537 at
758 3488 880 3536 Lucensis
892 3487 959 3535 liber
971 3503 1017 3550 pro
1030 3489 1190 3550 patriumque,
1201 3503 1245 3535 roe-

140 3578 208 3613 rum.
219 3563 291 3624 Virg.
303 3564 319 3612 l.
331 3575 359 3610 x.
376 3563 544 3624 ‘hastamque
557 3567 675 3622 receptat
711 3579 820 3627 eumque:
838 3563 945 3625 optime.
978 3562 1055 3610 Statii
1069 3562 1114 3609 illa
1131 3563 1246 3623 respexit

142 3637 254 3688 Ossibus
265 3636 427 3685 haerentem!
443 3637 535 3685 Burtb·
712 3641 791 3690 Theb.
804 3652 855 3689 xu.
879 3639 931 3687 ‘Et
944 3638 1032 3687 tristes
1044 3636 1174 3684 ducuntur
1184 3636 1246 3698 equi

175 3711 384 3772 ³1⁰Detcemlt‘l]
407 3713 516 3760 Daciam
528 3716 674 3759 montanam
714 3724 865 3778 truncaeque
885 3712 1019 3775 bipennes,
1039 3711 1122 3763 Qneis
1141 3723 1247 3759 nemora

141 3789 245 3842 innuit„
271 3790 306 3836 Et
318 3789 399 3836 omnis
411 3790 460 3836 iste
472 3794 572 3836 tructus
590 3788 677 3849 Getis,
714 3803 741 3842 et
753 3790 860 3841 solidam
881 3788 1008 3837 Maeotida
1021 3786 1122 3835 cadere
1141 3790 1221 3833 suetae
1232 3790 1248 3834 ι’

141 3865 236 3926 Ducis,
244 3865 381 3926 Tauriscis,
388 3863 539 3924 Thracibus,
548 3862 676 3926 quondaru
714 3870 821 3926 mudum,
832 3865 912 3928 glacie
924 3869 1083 3911 concretam.
1101 3859 1199 3908 Noster
1210 3860 1248 3908 iu·

143 3944 239 4004 cultus,
258 3941 388 3988 montibus
406 3940 519 4001 praealtis
536 3940 678 3995 habitatus.
715 3943 855 3992 fraitun.
876 3943 936 4002 ‘per
957 3945 1031 4000 terga
1050 3935 1145 3984 ferocis
1157 3935 1248 3986 Danu-

143 4017 213 4067 vide
224 4016 387 4077 Strabonem,
397 4015 414 4062 1.
426 4028 477 4063 vu.
488 4015 603 4064 Pliruiv.
616 4019 655 4063 12.
718 4020 753 4068 bii
770 4017 882 4065 solidata
901 4011 1005 4062 ruunt?
1027 4011 1146 4072 frangas
1157 4010 1203 4069 lib.
1217 4025 1249 4063 u.

179 4093 284 4155 Mlxtis]
293 4093 374 4145 ,Unus
387 4092 454 4138 cuim
460 4092 515 4153 jeun
527 4092 587 4140 dum
599 4092 680 4140 Plinii
718 4094 750 4142 de
762 4093 850 4153 Raptu
863 4089 943 4138 dixit:
961 4094 991 4137 ut
1007 4088 1048 4136 hic
1065 4088 1169 4138 cutim:
1184 4089 1194 4146 ,‘
1203 4103 1250 4138 teu

146 4175 229 4222 aetate
239 4159 360 4235 idemque
372 4169 482 4233 populus
493 4175 559 4220 erat.
576 4169 664 4222 Barth.
717 4166 786 4218 forte
805 4165 933 4229 rigentem
951 4162 1184 4218 Thermodontiaca
1202 4164 1250 4216 Tu·
