2700 4702
1076 141 1081 149 '
1122 126 1158 187 *-

206 286 255 372 nn
280 322 414 372 nannu
438 325 578 374 auson.
607 324 713 374 cons.
737 325 897 376 rnonoo.
1015 288 1138 379 talt'

84 464 124 514 Ex
143 467 282 529 praeceptis
297 472 383 515 autem
395 467 534 531 Sapientia
575 467 681 532 tionem,
689 469 763 519 liber.
790 469 914 520 Similiter
922 483 966 534 per
976 470 1104 522 monimus

84 544 189 607 lpotius
199 543 304 607 gloriam
315 559 390 608 qnam
403 546 533 607 lugentem
574 546 610 593 ire
627 545 669 594 alii
682 545 812 596 dixerunt.
846 544 931 595 Aures
948 552 1040 596 notant
1055 546 1104 601 Jo-

86 626 106 668 t.
129 619 219 668 Bartls.
574 620 679 681 dicium,
697 621 730 669 ab
741 621 895 671 recitatione
907 628 1031 671 consueta
1042 627 1104 672 ante

84 693 265 756 broametabor]
285 693 397 742 Laborat
415 695 483 743 enim
503 710 534 747 ea
574 699 828 762 promulgationem
846 705 886 749 tot
908 700 976 748 enim
997 699 1105 749 Jndices

84 771 180 820 itndine
200 785 254 831 sira,
266 777 358 834 utpote
374 772 477 820 modum
489 787 532 820 ex·
573 773 617 834 ibi,
628 781 692 839 quot
700 775 844 825 auditores.
866 774 955 823 Bartla.

85 862 107 911 a,
127 847 213 911 qualia
231 848 315 895 omnia
339 847 451 895 instabili
476 849 532 897 loco
605 856 635 900 ll
657 851 690 900 Ut
697 850 834 913 perbibent]
850 851 917 900 Nam
926 866 984 900 cum
994 849 1102 914 Jupiter

84 930 125 974 nt.
144 916 244 973 Seneca
255 922 365 985 OEdipo:
381 923 388 950 ‘
402 923 531 987 Quicquid
571 926 659 975 mundi
679 927 791 976 medium
810 927 894 976 locum
914 927 994 976 vellet
1010 924 1103 991 ag'nos-

84 1000 227 1049 atmodum
243 999 347 1048 Pendet
363 999 476 1047 instabili
494 1000 529 1059 lo·
571 1016 641 1063 cere,
664 1017 696 1051 cx
729 1011 789 1052 ortu
817 1009 895 1067 atque
923 1018 1015 1052 occasu
1038 1003 1101 1052 duas

84 1076 158 1124 Idem.
571 1078 669 1141 aquilas
684 1077 811 1128 dimisisse
829 1077 921 1142 fertur,
935 1094 992 1145 qnae
1012 1081 1101 1129 solata

84 1152 193 1201 'ontinnis
221 1152 294 1199 creuit
312 1150 406 1216 fidncia
433 1150 528 1214 sostris]
569 1154 644 1202 lassae
666 1154 692 1203 in
713 1153 835 1204 Parnassi
855 1157 954 1206 vertice
977 1155 1100 1205 consede-

86 1243 110 1289 a,
129 1242 205 1291 quam
227 1233 357 1275 sectantes
380 1226 529 1276 audaciores
570 1235 637 1278 runt.
1095 1244 1099 1254 ¹

84 1311 190 1353 conmutat
212 1304 286 1352 Idem.
603 1302 712 1367 Spaniam
730 1305 844 1370 Nature]
869 1309 973 1358 Natura
990 1308 1100 1358 Univer-

84 1382 136 1430 llas
154 1381 235 1443 babet]
272 1379 394 1465 Militaris
412 1380 528 1431 audacia.
568 1394 631 1429 sum.
640 1380 789 1431 Priscianus
802 1383 950 1446 Periegesi:
968 1385 1098 1435 ‘Natura

568 1457 678 1519 genitor,
697 1472 753 1520 quas
770 1458 893 1509 nrrrndum
912 1460 1029 1510 continet
1049 1473 1101 1510 om-

84 1533 114 1597 rs]
132 1534 192 1583 Non
212 1533 280 1583 solus
297 1534 424 1594 militavit,
443 1535 527 1583 Hora·
567 1531 642 1581 nem!
667 1533 755 1583 Bnrtlr.
1054 1542 1061 1555 ¹

84 1615 112 1659 nt
123 1611 203 1674 Naso,
214 1616 241 1658 ct
254 1617 313 1658 ante
325 1610 382 1658 illos
393 1610 500 1659 Ennius.
600 1612 631 1656 12
648 1609 727 1670 Regni
736 1610 826 1660 nescius
837 1611 886 1674 ipse
896 1611 946 1674 sai]
962 1611 1051 1660 Scita'
1044 1610 1101 1660 uri·

84 1684 180 1734 rumina
209 1685 312 1733 Romani
334 1683 447 1747 Senatus]
483 1685 526 1735 Ita
567 1681 612 1731 sio.
633 1683 708 1732 Idem.

99 1777 197 1811 omnes.
222 1762 354 1811 Clanarius
373 1763 474 1811 banaian
493 1778 525 1810 ex
599 1763 629 1808 13
647 1759 795 1823 armigeros]
819 1761 897 1810 Silius
909 1760 1027 1822 Italicus,
1038 1761 1055 1811 l.
1069 1774 1097 1810 x.

84 1839 128 1888 sed
146 1839 216 1887 nulla
232 1852 296 1901 opus
314 1837 463 1889 mutatione.
490 1839 524 1888 D.
567 1834 707 1899 ‘Armiger
729 1836 798 1885 baud
820 1837 895 1886 aliter
914 1838 1001 1902 magni
1023 1838 1097 1888 Jovis

566 1912 642 1961 auxia
660 1912 721 1961 nido
744 1913 808 1961 Cum
835 1913 925 1976 dignos
944 1913 1027 1963 nutrit
1043 1928 1098 1977 ges·

84 1990 137 2041 tina
160 1989 273 2068 Romani]
296 1990 339 2038 Ita
356 2004 444 2038 omnes
465 1990 525 2039 libri
567 1987 646 2035 tanda
658 1985 916 2037 adfulmiuafoetus!

84 2067 177 2117 Nec
198 2063 276 2116 causa
297 2066 420 2116 mutandi.
453 2067 525 2116 Sum
597 2061 736 2126 AEqnnlibns
753 2063 808 2128 alis]
840 2065 928 2113 AEtate
947 2069 975 2114 et
994 2063 1096 2115 robore.

84 2143 128 2192 tim
142 2143 322 2206 Magistratus,
335 2141 524 2205 ApexNobili-
565 2137 654 2188 Barlll

84 2221 199 2268 tomanae
222 2220 270 2267 hac
301 2233 363 2267 voce
392 2225 522 2267 censetur.
598 2218 627 2262 15
648 2214 786 2277 Parnasum]
813 2215 866 2264 Hic
884 2229 957 2264 mons
977 2230 993 2263 a
1012 2207 1096 2264 ΜιιιίιΙ

84 2295 120 2342 lus
138 2293 170 2341 ad
189 2294 339 2356 Syagrium.
358 2293 366 2319 ‘
381 2293 523 2356 Cujusego
563 2289 806 2340 nobilitatusestin
823 2299 899 2340 terrae
919 2290 1013 2340 medio.
1039 2290 1096 2340 Sto·

95 2376 125 2418 et
140 2370 317 2430 Quartoner,
331 2369 432 2416 eirlmeu
444 2370 523 2416 hono·
563 2367 624 2429 tiras,
645 2367 758 2416 medium
780 2368 838 2416 caeli
868 2373 1019 2431 nuncupat;
1048 2364 1095 2417 ubl

84 2447 165 2510 nnsul,
180 2448 281 2509 collega
297 2445 451 2508 posteriore,
467 2444 522 2495 fui!
563 2442 696 2501 Lutatius,
719 2441 864 2491 Umbilicus
885 2448 963 2492 terrae
982 2441 1096 2492 Parnes

564 2529 614 2564 sus
633 2516 725 2566 Closer

84 2598 148 2648 uibus
165 2599 267 2647 exsultat
288 2595 381 2658 Gallio]
405 2595 627 2644 Nonse·16
649 2591 772 2654 Alternus]
799 2589 896 2640 Ambos
918 2592 1006 2642 dicere
1029 2573 1094 2646 vasli.

84 2673 162 2722 talliae
183 2672 368 2721 eruditissimos
386 2669 453 2718 viros
475 2684 521 2718 suo
562 2666 650 2716 Bnrtlr

83 2747 339 2808 ibuitbicScriptor.
365 2746 439 2795 idem.
518 2779 520 2783 ,
594 2750 625 2795 17
644 2745 732 2808 Curat]
748 2744 851 2804 Studet,
863 2746 965 2808 satagit.
994 2747 1069 2797 idem.

84 2823 119 2886 ia]
135 2823 168 2873 Id
188 2828 237 2885 est,
256 2821 439 2877 Mediolanum,
462 2835 520 2885 qnae
595 2826 625 2870 18
644 2822 739 2871 Cestius
754 2823 780 2870 ιἰι
798 2821 875 2884 nobis]
891 2823 922 2870 In
937 2821 1001 2870 nobis
1017 2823 1092 2886 prim.

91 2915 107 2948 a
128 2899 212 2950 Gallis
235 2898 355 2957 condita;
382 2911 438 2945 eam
458 2911 520 2946 vero
560 2897 682 2946 vatican.
712 2899 748 2947 1).
764 2898 847 2946 Heius.

83 2972 520 3038 1.1mp.Romoevidentnrprae·
565 2985 568 2990 ⁷
593 2973 680 3038 Nobis]
703 2974 755 3024 Qui
784 2971 886 3021 honoris
913 2972 967 3034 ejus
998 2972 1092 3036 gratia,

83 3087 87 3100 .
561 3049 658 3115 subque
674 3055 739 3097 nutu
751 3049 831 3113 ipsius
846 3048 897 3097 hnc
909 3048 1092 3100 convenimus:

84 3125 171 3176 nullm
180 3124 290 3174 audimur
300 3123 383 3186 terris]
399 3125 466 3172 Rara
483 3122 521 3172 fe
559 3142 686 3191 generoso
706 3128 791 3176 auimo
812 3141 869 3176 sese
888 3128 1006 3191 agnoscit
1021 3127 1095 3178 aucta

84 3221 97 3268 e,
108 3209 139 3252 ut
154 3208 181 3251 st
203 3201 351 3252 celebretur
367 3200 472 3264 ubique,
491 3204 518 3247 et
559 3202 607 3251 bus
619 3202 724 3252 Aclrivis
737 3203 898 3266 permistum.
917 3203 1006 3255 Bortlr.
1091 3216 1094 3221 ·

84 3279 168 3330 stersit
190 3277 241 3326 suis
274 3275 411 3325 laudibus:
442 3290 518 3340 qnam
565 3279 864 3345 ·19Husegoeonoilio]
882 3276 1091 3329 Videautflom.

85 3355 201 3405 atalatur
223 3359 249 3401 et
272 3352 416 3401 Martialis:
446 3351 518 3400 ‘Hic
559 3357 611 3403 erit
623 3355 666 3403 illo
679 3356 757 3404 ctiam
770 3371 825 3404 aevo
842 3356 1028 3418 Mediolanum,
1039 3368 1091 3404 non

84 3447 122 3482 em
138 3431 214 3494 legis,
228 3429 282 3490 ille,
303 3442 378 3492 quens
398 3426 518 3491 requiris,
558 3431 595 3478 ita
610 3431 711 3494 pridem
720 3432 813 3480 Galliae
826 3432 882 3492 regi
893 3430 1034 3493 sirbditum,
1044 3430 1091 3479 ubi

84 3514 146 3558 otus
161 3506 189 3554 in
212 3505 273 3555 orbe
301 3503 438 3560 Martialis,
460 3503 519 3565 Cui,
558 3507 711 3557 Parrhasius
733 3509 813 3556 etiam
835 3506 1004 3555 Claudianum
1021 3505 1090 3554 buno
1133 3560 1139 3571 Ι

91 3583 206 3632 studiose
208 3579 518 3644 ‚quouoedisuvivenu
558 3584 715 3647 explicavit
733 3599 795 3633 sane
810 3583 852 3631 hic
872 3581 929 3631 fere
949 3581 1005 3631 orbi
1020 3595 1090 3644 com·

84 3667 161 3724 stqne
178 3656 312 3719 sentienti,
326 3654 388 3703 Rari
403 3661 464 3719 post
483 3655 518 3704 ci·
558 3667 672 3722 paratur.
692 3660 786 3707 Closer.

84 3733 168 3783 abent
180 3731 288 3787 Poetae!
566 3740 615 3786 ¹20
633 3737 751 3799 Quicquid
768 3735 853 3798 ubique
869 3732 951 3795 micat]
966 3733 1088 3783 Senatum

84 3825 147 3862 mres
157 3808 259 3872 Ibimus]
275 3809 355 3871 Scite,
370 3809 442 3857 velut
451 3808 517 3858 reci·
557 3813 710 3873 Romanum,
718 3811 771 3859 illic
782 3816 947 3873 praesentem,
959 3813 1032 3858 certe
1044 3806 1095 3857 bo·

84 3887 153 3938 talis
168 3886 287 3935 omnibns
299 3887 365 3935 locis
376 3885 518 3949 audiretur,
558 3901 616 3936 uam
628 3895 672 3936 aut
684 3887 816 3936 meliorem
828 3891 939 3950 partem.

92 3961 220 4028 tegendus
240 3961 383 4027 obveniret,
393 3967 453 4026 post
465 3963 518 4012 edi·
