2700 4702
197 287 286 355 ,1024
519 301 576 351 cu.
599 300 816 350 caseorum
840 300 985 350 xxxvi.

199 444 279 523 Qua
293 445 372 509 libet
382 464 501 526 usque,
517 447 644 524 tegens.
689 441 765 505 lllio
781 442 937 523 posuisse
953 446 1129 507 cruentam
1237 439 1302 505 335

198 546 333 627 AEgida,
350 547 586 629 captivamque
602 550 700 626 pater
714 550 791 625 post
803 544 919 626 praelia
933 543 1081 625 praedam

197 642 389 710 Advenisse
405 647 512 711 datur.
557 646 741 727 Phlegraeis
757 647 854 729 sylva
868 645 1018 727 superbit

198 746 353 824 Exuviis,
370 755 541 831 totumque
553 767 672 810 nemus
686 748 829 810 victoria
844 746 954 811 vestit.

198 847 268 911 Hic
286 851 391 930 patuli
407 852 521 926 rictuS,
539 851 593 912 hic
608 850 804 931 prodigiosa
817 848 1001 930 Gigantum

197 949 343 1031 Tergora
356 951 564 1034 dependent3
588 956 622 1014 et
635 950 743 1013 adhuc
758 951 888 1014 crudele
903 952 1069 1013 minantur
1238 948 1302 1015 343

196 1049 321 1115 nffixae
337 1054 462 1115 truncis
477 1051 604 1130 t'acies3
627 1051 850 1133 immaniaque
864 1071 944 1115 ossa

198 1151 391 1234 Serpentum
406 1154 533 1235 passim
548 1153 690 1216 cumulis
710 1153 939 1233 exsanguibus
953 1153 1085 1216 albent:

195 1347 301 1409 Jupiter
315 1347 403 1396 dieitur
414 1348 543 1410 deposuisse
553 1348 588 1396 ibi
602 1350 707 1412 clypeum
717 1349 928 1410 surguiuobntum,
939 1354 963 1398 et
972 1349 1080 1398 ottulisu
1090 1348 1164 1412 spolio
1171 1351 1244 1414 prato
1251 1351 1303 1409 port

195 1411 330 1460 saturnino.
364 1413 454 1460 Nemus
463 1413 583 1471 gloriatur
600 1412 681 1474 spoliis
697 1413 808 1475 regionis
824 1413 966 1475 Phlegraea,
984 1419 1008 1462 et
1019 1415 1118 1462 uictoria
1129 1417 1199 1461 ornat
1214 1425 1302 1460 munem

195 1477 291 1537 sylvam.
327 1476 377 1523 Hic
387 1490 428 1523 oru
445 1476 537 1523 hiantia
549 1479 728 1538 appetitionum·
744 1477 782 1525 lu'e
798 1478 871 1539 pelles
887 1484 1023 1526 moraturo
1032 1481 1158 1538 gigarim
1162 1492 1172 1533 ,·
1191 1481 1214 1524 et
1225 1475 1303 1524 oum

195 1540 378 1586 odlraeresoeutes
387 1539 510 1588 arboribus
519 1541 609 1602 spirant
620 1541 696 1589 adbuc
711 1542 881 1603 crudelitatem,
893 1547 916 1589 et
928 1556 980 1589 osso
989 1543 1096 1604 ingentio
1106 1541 1224 1588 dbeseunt
1233 1540 1302 1588 undi-

657 1659 833 1679 ‘renuunt

195 1755 289 1803 Petav.
300 1771 339 1818 pr.
353 1756 415 1805 Var.
427 1758 479 1804 LL.
500 1771 515 1804 e
531 1771 614 1818 marg.
634 1758 722 1807 Parni.
735 1758 796 1806 Vat.
807 1772 857 1806 sec.
870 1757 921 1806 dno
933 1758 1088 1806 Voss-⁸35
1108 1758 1162 1812 Quo
1172 1757 1226 1804 licet
1238 1756 1302 1807 Jun.

103 1861 106 1866 .
195 1833 248 1868 sec.
268 1820 462 1874 Quolibetvat.
477 1821 559 1869 Lirin.
587 1822 665 1876 Qum
677 1822 853 1884 lleg.Tholos.
879 1822 934 1869 libet
946 1823 1022 1870 Voss.
1031 1836 1070 1883 pr.
1081 1821 1123 1870 ed.
1134 1821 1223 1869 Parrn.
1248 1821 1302 1868 lieet

195 1882 246 1931 tino
258 1885 331 1933 Vatt.
361 1886 438 1939 Quum
455 1885 509 1932 licet
528 1887 569 1933 vel
591 1887 668 1941 Quum
685 1888 740 1934 libet
757 1888 832 1935 Voss.
849 1900 901 1934 sec.
926 1886 977 1934 illic
988 1886 1031 1933 vel
1042 1886 1084 1932 iilo
1094 1887 1154 1933 Vat.
1166 1887 1301 1933 seu-336

190 1949 280 2010 praedoe
292 1949 373 1996 chart.
387 1949 556 1997 Heius-aar
574 1949 709 1998 Adduxisse
720 1951 780 1998 Vat.
793 1952 958 2014 quina—338
979 1950 1096 1997 Exutiis:
1115 1949 1239 1997 Heinsius
1260 1949 1301 1997 hic

194 2016 269 2059 notat
280 2013 354 2074 spolio
365 2012 486 2060 arboribus
501 2013 581 2077 srrffigi
598 2015 667 2061 solito
680 2013 766 2072 juisse.
784 2015 836 2063 vid.
848 2013 941 2062 Ouzel.
961 2014 986 2061 in
1007 2013 1105 2061 Minna.
1118 2029 1144 2075 p.
1154 2016 1210 2062 143.
1223 2014 1260 2061 sic
1274 2019 1301 2060 et

194 2074 289 2136 passim
312 2077 337 2122 in
355 2076 485 2124 veteribus
504 2078 703 2126 nummis-aas
719 2079 794 2125 rietus
809 2083 833 2125 et
851 2078 986 2139 prodigioso
1004 2077 1055 2125 dno
1066 2079 1138 2126 Vatt.
1150 2084 1179 2126 et
1192 2077 1223 2125 Α.
1236 2074 1300 2137 Reg.

194 2137 286 2187 Petav.
299 2155 337 2202 pr.
349 2141 411 2190 Jun.
423 2155 474 2188 sec.
487 2141 537 2189 duo
548 2142 702 2190 Voss—341
720 2142 809 2190 truncis
822 2141 900 2200 furies
917 2141 981 2202 Reg.
993 2141 1055 2190 Jun.
1067 2155 1120 2189 rec.
1133 2139 1224 2189 Ambe.
1237 2146 1301 2188 tert.

193 2203 269 2252 Voss.
280 2217 333 2253 sec.
344 2205 407 2251 Var.
420 2205 497 2252 nne
515 2220 596 2268 rrrarg.
613 2206 700 2253 Parm.
722 2206 801 2265 socies
819 2205 909 2254 truncis
927 2205 989 2253 Vat.
1009 2219 1049 2266 pr.
1074 2205 1164 2252 truncis
1176 2204 1301 2266 seriesque

193 2264 268 2323 Voss.
280 2271 402 2331 pre-342
418 2269 517 2317 tumulis
533 2275 586 2318 tres
599 2268 670 2319 vm.
688 2274 715 2318 et
736 2270 767 2319 A.
792 2271 876 2323 ardent
895 2270 956 2320 Vat.
972 2272 1107 2317 seu-343
1123 2269 1238 2330 sunniae
1249 2269 1301 2319 inc.

696 2430 802 2481 NOTAE

193 2537 570 2603 latea‚nam‚pdao‚arros,lor
581 2539 717 2604 signifieat.
738 2571 743 2579 -
766 2547 834 2603 tyre,
852 2539 951 2589 nobis:’
968 2540 994 2588 id
1014 2545 1064 2601 est,
1077 2538 1127 2587 dic.
1161 2539 1246 2590 Quam
1263 2540 1300 2586 lo·

226 2620 273 2665 334
290 2615 395 2677 Densus]
419 2617 504 2664 Lucus
528 2617 604 2664 ramis
627 2614 726 2665 confer·
767 2613 980 2680 quendiformam
994 2629 1039 2663 eur
1053 2614 1136 2662 minus
1149 2613 1300 2676 probetJu·

191 2701 242 2742 tus.
765 2693 813 2740 lius
824 2692 947 2754 Scaliger,
957 2706 1009 2739 non
1020 2691 1102 2738 video.

198 2797 201 2805 .
224 2769 321 2816 AEtuaeo
331 2767 463 2829 cacumina]
482 2769 548 2819 Qnae
560 2766 676 2815 Atlantis
688 2768 725 2814 in·
799 2767 941 2828 Phlegraeis]
952 2766 1183 2828 Spoliisgigantnm
1192 2764 1217 2812 in
1225 2765 1301 2813 Plrle-

192 2849 269 2892 atara
280 2841 393 2890 Pindaro
411 2851 544 2901 vocantur,
560 2841 616 2889 aior
628 2842 646 2888 δ’
659 2842 725 2902 obpu·
767 2857 812 2904 gra
823 2848 919 2901 monte,
929 2843 970 2889 vel
984 2841 1140 2904 Campaniae,
1158 2841 1199 2889 uel
1211 2841 1299 2890 Mace-

191 2916 230 2967 ulu
241 2915 336 2979 συνέχει
347 2917 450 2979 νιφόεσσ’
457 2919 530 2965 Αἴτνα
540 2915 639 2965 πάνετες
647 2917 726 2977 χιόνος
766 2917 858 2979 douiae,
869 2916 1038 2964 devictorum.

158 2984 160 2988 Α
191 2993 266 3055 ὀξείας
280 2992 378 3051 ruera:
402 2997 507 3042 columna
518 2994 617 3040 eoeleuis
627 2993 725 3040 sustinet
796 2996 844 3039 333
865 2991 972 3039 Victoria
984 2991 1065 3054 uestit]
1082 2991 1247 3038 Nullaarbor
1259 2996 1300 3040 est

191 3070 272 3117 niuoso
283 3071 358 3117 AEtrra
366 3073 492 3131 pertotum
504 3082 590 3115 anuum
601 3068 664 3115 niuis
672 3083 725 3116 ocu·
764 3082 820 3130 quar
834 3082 883 3115 non
896 3073 982 3129 gestet
994 3067 1095 3131 aliquod
1107 3067 1208 3127 signum
1220 3066 1300 3115 victo-

190 3149 223 3192 ιω
234 3144 328 3193 nutrix.
764 3145 810 3192 riae
821 3144 935 3191 Deorum
948 3150 1039 3191 contra
1054 3142 1171 3205 gigantes
1182 3148 1299 3204 reporta*

197 3250 200 3255 -
224 3224 271 3268 335
290 3219 430 3281 cruentum]
446 3220 575 3282 Sanguine
590 3220 722 3284 gigantum
765 3226 808 3268 tae.

191 3295 343 3344 occisorum.
795 3300 844 3345 339
861 3294 1040 3356 Potuliriotus]
1064 3292 1298 3342 Immaniterhiau·

222 3375 272 3420 333
288 3369 390 3431 AEgido]
405 3371 506 3419 Pellem
516 3386 601 3434 caprae
614 3372 721 3420 nutricis
763 3378 813 3430 tes,
826 3371 896 3434 qnasi
908 3370 990 3418 rietus
1000 3369 1153 3417 belluarum.

190 3461 254 3508 suae,
265 3461 315 3510 qua
324 3453 416 3495 contra
427 3447 546 3509 gigantes
558 3462 604 3509 pro
616 3449 723 3496 thorace
795 3450 842 3494 340
855 3445 972 3506 Tergoro]
989 3445 1058 3494 Quia
1070 3445 1198 3494 nonnullis
1209 3444 1298 3508 gigan·

190 3536 250 3573 usus
262 3520 365 3571 frrerat:
382 3522 427 3583 ult,
436 3521 511 3584 alpis,
520 3539 600 3587 cupra.
763 3522 832 3570 tibus
843 3524 909 3570 entis
921 3522 1040 3569 detracta
1051 3529 1100 3570 est.

197 3599 350 3660 -Gaptiaum
366 3599 483 3661 predum]
520 3601 603 3650 Parta
624 3601 721 3662 spolia:
794 3602 840 3647 341
859 3599 946 3662 Affisoe
957 3597 1059 3661 truncis]
1076 3597 1214 3649 Arborum.
1243 3597 1297 3648 An·

189 3673 296 3736 Jupiter
311 3683 397 3722 autem
417 3673 474 3724 fixit
494 3682 630 3738 tropaeum,
645 3677 722 3724 velin
763 3675 829 3738 tiqui
841 3672 1072 3736 fugatislrostibus,
1081 3675 1198 3736 stipitem
1208 3675 1297 3724 huma-

189 3749 331 3810 Thessalia,
343 3751 384 3797 vel
401 3751 425 3797 in
437 3752 534 3813 Sicilia,
547 3753 587 3800 vel
598 3753 624 3799 in
637 3751 721 3813 Syria,
761 3767 794 3800 na
805 3753 893 3814 specie
906 3751 1056 3800 statuebant
1067 3752 1092 3799 in
1105 3752 1191 3813 aliquo
1199 3759 1297 3814 monte,

189 3827 231 3873 rel
242 3826 267 3873 in
282 3826 434 3875 Pithecusis.
761 3827 920 3890 eundemque
932 3827 1019 3889 spoliis
1031 3834 1147 3874 ornatum
1166 3827 1297 3877 vocabant

221 3903 307 3964 Peter]
316 3904 421 3965 Jupiter
433 3904 506 3967 quasi
514 3904 619 3967 ‘juvans
628 3903 719 3966 pater,’
760 3910 882 3966 tropeum,
898 3902 944 3950 dub
954 3905 997 3960 τῆς
1007 3905 1101 3964 τροπῆς,
1112 3918 1126 3949 u
1139 3902 1214 3963 fugo,
1227 3903 1295 3965 quod

189 3992 223 4026 ex
234 3978 370 4027 Cicerone.
761 3981 963 4029 constitueretur
977 3988 1037 4042 post
1049 3977 1137 4041 fugam
1149 3979 1267 4028 hostium.

198 4059 269 4105 -aat
297 4057 389 4119 Datur]
437 4057 549 4105 Dicitur.
580 4055 720 4118 Virgilius:
795 4059 843 4104 342
871 4053 1022 4116 Serpentum]
1051 4054 1192 4116 Gigantum
1215 4055 1296 4116 pedes

120 4163 123 4171 ·
188 4130 256 4182 ‘aed
268 4137 354 4182 tamen
365 4135 415 4184 iste
431 4135 502 4182 Deos
519 4132 575 4197 quis
586 4131 620 4180 sit
630 4132 673 4195 da,
681 4132 723 4180 Ti·
762 4130 917 4181 desinebant
928 4130 954 4179 in
963 4130 1099 4194 dracones,
1105 4129 1151 4194 qui
1162 4144 1220 4180 cum
1233 4129 1295 4194 ipsis
