2700 4702
127 279 213 345 1464
282 291 392 343 norm
415 290 621 343 vsaronuu
646 293 686 343 nc
710 294 769 346 ot..
792 295 933 344 obruo.
957 295 1076 346 xvnr.

126 439 365 492 ceeti'oemlnstnm:
379 438 657 488 Eoonoborumautem
695 435 757 500 quid
765 435 856 486 fractis
865 436 1005 486 confundis
1014 432 1222 502 singulaverbisi'

125 517 203 567 titulo
214 516 295 580 digni,
306 515 351 579 qui
363 515 411 564 snb
426 513 544 564 Enuncbl
555 513 658 562 vexillis
694 511 728 561 D.
741 512 914 576 Hieronymus
926 514 952 562 in
964 515 1111 578 Epitaphio
1128 516 1221 568 Paula:

125 596 237 644 militare
249 589 396 656 potnerunt.
413 592 501 642 Bortls.
693 587 822 637 ‘Paulam
840 588 959 639 audierat
977 591 1006 639 in
1026 592 1102 641 cunis
1113 600 1142 642 et
1152 594 1222 656 crepi·

126 675 206 720 ¹>toti
222 669 421 732 Hellespontiacis
438 668 500 729 legio
517 665 657 728 digram
693 666 788 714 taeniis
815 666 978 718 balbutiente
1012 668 1105 731 lingua
1133 671 1223 722 alleluia

123 746 211 808 signis]
233 747 299 797 Qun
320 745 444 795 militaret
464 742 513 793 sub
534 742 658 806 auspiciis
693 748 808 805 eantare,
827 744 944 807 aviaque
967 750 1000 806 et.
1019 745 1110 793 amitae
1131 745 1222 795 nourins

125 822 267 886 Principis,
277 837 328 886 qno
345 821 412 870 duce
428 818 577 883 gaudebant
587 816 657 867 ride·
693 819 833 869 dimidiatis
843 821 927 869 verbis
935 820 1078 886 frangere?
1091 821 1222 884 Arnobius,

124 897 188 948 licet
208 897 325 947 Eunuchi
342 896 379 945 illl
391 894 540 944 Orientales
551 899 657 943 noctur·
692 896 710 945 l.
722 909 760 946 rv.
776 896 961 959 ‘crepitaculis
972 897 1090 946 obticuit
1101 897 1221 947 auditisin

124 975 165 1024 nis
174 973 257 1023 bellis.
283 974 331 1022 Est
342 970 512 1035 opprobrium
523 969 657 1033 patientiis
692 972 766 1021 cunis
773 972 876 1035 jacens,
893 978 920 1020 et
932 971 1041 1021 vocibus
1052 972 1176 1022 delinitus
1186 976 1222 1022 est

124 1049 272 1101 muliebris:
299 1062 351 1096 non
370 1046 455 1108 aliter,
478 1043 656 1094 insimulanda
692 1046 827 1097 infractis!
859 1049 1008 1108 Lucretius,
1028 1049 1077 1098 lib.
1098 1054 1125 1099 v.
1150 1049 1221 1098 ‘Nee

124 1125 242 1189 ejusdem
268 1123 393 1186 mollitiae,
414 1123 539 1186 Priapum
566 1122 656 1172 Cassio
692 1125 856 1187 crepitacula
872 1125 909 1173 eis
928 1139 995 1188 opus
1014 1131 1087 1187 snut,
1106 1139 1156 1174 nec
1176 1125 1221 1175 cui·

124 1201 241 1251 cheren
253 1201 353 1264 signnm
373 1197 487 1248 militare
499 1197 578 1247 debat
590 1197 656 1246 csti-
692 1213 768 1263 qusm
788 1199 933 1249 adhibenda
954 1207 995 1250 est
1019 1199 1104 1250 Alme
1124 1202 1221 1251 nutricis

123 1277 190 1341 grtia.
210 1276 322 1339 Priapus
333 1280 419 1326 sutem
429 1273 604 1337 Hellesponto
613 1287 657 1336 pe-
693 1273 788 1323 blanda
797 1280 875 1337 atque
886 1272 1000 1324 infracto
1011 1276 1138 1340 loquela!
1161 1278 1221 1327 Mar·

124 1353 222 1404 euliare
238 1352 348 1402 Idolum.
381 1351 517 1400 Sidonius:
535 1349 657 1399 ‘Helles-
691 1349 1220 1413 cianusCapella,l.1x.‘1lisrs.eminns

124 1429 240 1496 pontiani
251 1435 352 1492 patrem
361 1426 470 1491 Priapi!
486 1427 563 1476 idem.
691 1428 867 1492 conspicatus,
873 1435 971 1478 tenerae
982 1442 1043 1477 cnm
1050 1428 1220 1478 admirationis

125 1516 128 1530 ·
155 1509 203 1554 tol
221 1503 432 1566 Defensoremque]
448 1501 515 1553 Post
525 1501 591 1551 bene
601 1515 656 1551 reru
691 1504 784 1553 obtutu
796 1504 965 1569 languidiore,
974 1502 1087 1554 fractior
1103 1505 1221 1554 roeecol·

123 1595 171 1648 pro
181 1580 328 1644 Republica
342 1586 441 1652 gestam
455 1579 505 1629 boe
522 1578 600 1628 titulo
610 1578 655 1627 bo·
691 1579 798 1629 laudat!
826 1579 906 1629 dulus
918 1580 1032 1643 Gellius,
1048 1592 1094 1630 nr.
1112 1586 1136 1629 t.
1152 1580 1220 1629 ‘uam

122 1655 284 1707 notabantur
295 1668 418 1718 proceres
429 1653 550 1703 Rotnani.
568 1653 644 1703 idest.
692 1669 751 1704 cnm
763 1669 853 1706 vocem
870 1655 925 1718 ejus
941 1653 1085 1705 infractam
1096 1656 1221 1719 capillum·

123 1752 128 1760 ·
155 1734 205 1782 2⁶9
227 1731 377 1781 Distesdisse
390 1729 477 1793 gestus]
504 1730 656 1780 Costeedisse
691 1739 812 1796 quesne
827 1733 1000 1795 compositum
1017 1739 1046 1782 et
1063 1733 1221 1787 ocutosluoi-

122 1805 657 1872 primustertiusqueVatieonietOiselis·
691 1806 792 1857 bundos
810 1809 931 1860 uideret?
964 1809 999 1857 D.
1020 1808 1220 1859 Ambrosiusde

123 1900 178 1937 nus.
196 1886 233 1934 D.
241 1884 329 1934 Helm.
691 1884 809 1935 Officiis:
827 1887 835 1914 ‘
848 1887 906 1935 Vox
917 1885 975 1950 ipss
985 1901 1039 1936 non
1051 1887 1167 1949 remissa,
1175 1901 1221 1936 non

154 1966 204 2012 26⁰
222 1960 320 2023 fiscus]
337 1959 453 2021 Calvum,
467 1973 482 2008 s
494 1957 655 2008 terediuibus
690 1958 857 2021 fractmnibil
866 1960 1016 2011 foemineum
1025 1964 1139 2011 sonans!
1151 1961 1221 2028 Apud

123 2044 152 2087 et
168 2037 247 2087 tineis
269 2049 383 2084 exessus.
414 2033 515 2096 Supra:
544 2033 656 2096 ‘turpes
691 2036 1081 2103 Xipbilinuminlieliogsbaio
1099 2040 1165 2102 φωνὴ
1175 2057 1228 2089 κω,

123 2112 243 2164 Esedere
253 2117 334 2174 caput
345 2109 440 2160 tineas!
456 2109 545 2158 naut.
690 2110 798 2174 turpini
815 2113 920 2164 dicitur.
945 2115 1064 2164 Isidorus
1081 2115 1131 2165 lib.
1147 2130 1177 2166 11.
1192 2114 1221 2164 de

121 2220 124 2226 -
154 2191 203 2237 262
224 2187 295 2237 Uitru
311 2186 443 2250 nequitiam
454 2184 555 2248 fruetis]
587 2183 655 2233 Mol·
691 2187 803 2251 Officiis,
814 2203 838 2237 e.
850 2193 890 2238 la.
906 2188 978 2239 ‘uox
995 2190 1104 2241 lectoris
1118 2191 1221 2255 simplex

120 2263 185 2314 litim
196 2277 249 2311 sue
265 2261 363 2310 addens
381 2261 519 2324 ploratum,
535 2274 587 2325 quo
601 2274 655 2309 ura·
691 2263 751 2322 erit,
767 2264 845 2326 plena
861 2264 956 2327 spiritu
971 2265 1051 2328 virili,
1068 2280 1122 2316 non
1133 2265 1222 2329 fracta,

122 2339 161 2404 gis
172 2339 250 2388 etism
261 2336 366 2400 frangat
376 2350 475 2400 vocem,
486 2336 602 2399 alioquin
617 2333 655 2384 ef·
689 2351 740 2387 nee
759 2343 858 2402 tenera,
878 2339 993 2404 nihilque
1014 2339 1167 2392 foemineum
1185 2357 1221 2392 so·

120 2414 289 2464 suminatam.
327 2413 443 2474 Nequitia
464 2417 506 2461 est
528 2409 655 2461 amatoria
690 2416 769 2470 nunu?
782 2413 913 2476 Sulpicius
923 2414 1063 2465 servastus
1074 2417 1109 2466 de
1122 2417 1222 2482 Cupidi-

121 2489 253 2540 mollities.
285 2487 412 2537 Ovidius:
430 2486 654 2552 ‘Illeagonequi
691 2492 747 2538 tate
758 2488 785 2536 in
801 2488 945 2539 Catalectis
964 2490 1077 2540 Pitboei:
1096 2493 1221 2544 ‘Romani

121 2567 167 2616 tioe
180 2559 435 2628 Nasopottsmeae!
690 2564 816 2613 sermonis
843 2579 934 2629 egeus,
960 2566 1123 2632 ridendaque
1147 2568 1221 2618 verbs

123 2667 126 2672 ·
154 2641 260 2705 Frontis]
285 2641 410 2688 Extreme
431 2637 570 2688 enervatis.
602 2637 654 2687 Pe·
690 2641 800 2704 Frangit
816 2641 849 2691 ad
868 2641 1002 2692 horrificos
1014 2620 1121 2694 turbida
1140 2646 1221 2708 lingns

120 2717 220 2767 tronius
241 2715 315 2764 Bello
332 2713 422 2762 Civili:
450 2713 502 2762 ‘ln
522 2715 653 2763 Venerem
689 2714 782 2765 sonos!
798 2715 924 2781 Avienus,
938 2719 1086 2770 Fabxvrr.
1102 2721 1221 2785 ‘Illage-

119 2791 224 2855 fregere
235 2787 324 2839 uiros!
340 2789 431 2838 Burtb.
690 2806 772 2854 mens,
787 2791 924 2858 fractoque
944 2794 1014 2858 loqui
1031 2796 1075 2845 vix
1094 2810 1219 2846 murmure

119 2882 125 2893 ·
157 2872 229 2920 Ultro
238 2867 369 2931 nequitiem
382 2866 484 2929 fractis]
497 2867 586 2917 >Fictis
603 2868 656 2932 pri·
690 2867 787 2931 cepit!
819 2870 941 2919 Fructum
960 2870 1083 2922 dicebant
1103 2872 1219 2937 quicquid

120 2959 164 2996 ma
177 2944 219 2995 ed.
239 2943 348 3007 Gyrald.
368 2949 396 2992 et
407 2957 472 2992 unus
490 2958 523 2993 ex
542 2945 652 2994 nostris:
690 2943 782 2993 molle:
805 2943 866 2993 hinc
884 2952 912 2994 et
931 2945 1000 3007 apud
1020 2947 1142 2997 Persium
1159 2949 1219 3011 ‘pa-

119 3024 197 3073 mnle.
215 3021 253 3071 sie
268 3017 337 3084 apud
345 3019 464 3070 Juvenal.
475 3020 484 3047 ‘
493 3016 578 3068 fracta
590 3034 654 3069 voce
690 3020 770 3067 trunti
786 3017 886 3069 fractus
903 3019 1004 3070 ocello!
1037 3022 1106 3072 Hor.
1125 3024 1170 3073 lib.
1181 3036 1219 3071 nr.

118 3095 244 3162 loquendi
253 3093 393 3144 Libertas!
409 3093 562 3146 Quintilian.
573 3093 582 3124 ‘
592 3095 652 3147 Non
690 3092 743 3144 Od.
753 3099 777 3144 6.
795 3095 803 3124 ‘
816 3096 906 3144 Motus
916 3095 1005 3144 doceri
1016 3096 1219 3158 gandetlouicos

119 3176 188 3225 enim
200 3187 308 3237 puerum
317 3171 437 3220 foemiues
452 3170 522 3221 vonis
533 3170 654 3229 exilitate
690 3169 796 3219 Matura
810 3169 891 3234 virgo,
909 3178 938 3220 et
953 3169 1084 3234 frangitur
1097 3172 1219 3223 artubus!

119 3247 207 3310 frangi
219 3246 294 3297 volo?
319 3244 455 3308 Apuleius,
465 3244 533 3294 Met.
546 3258 608 3296 nur.
619 3245 653 3296 de
688 3246 732 3295 ste
738 3247 806 3295 enim
812 3246 911 3309 optime
921 3247 947 3294 in
954 3249 1140 3298 vetustissimis
1146 3264 1218 3299 mern·

120 3321 249 3374 cinaedis:
267 3320 331 3383 ‘qui
346 3319 436 3368 statim
452 3321 614 3370 exsultantes
625 3320 652 3369 in
690 3321 795 3371 branis:
814 3324 888 3384 vulgo
891 3322 1000 3386 fingitur
1009 3324 1111 3375 unibus.
1139 3327 1218 3375 Miror

119 3393 251 3466 gaudium,
268 3396 363 3456 fructa,
375 3409 461 3457 rauca,
475 3402 503 3446 et
514 3394 652 3448 effoeminu-
688 3397 746 3460 ejus
765 3397 837 3448 verbi
857 3399 1013 3461 elegantium
1033 3400 1217 3465 interpretibus

120 3483 229 3528 ts-voce
245 3475 370 3523 clamores
386 3473 496 3523 absonos
511 3473 651 3526 intolluut.'
688 3487 740 3521 nou
755 3473 925 3535 intellectum,
937 3488 988 3537 qno
999 3475 1133 3526 mimicum
1150 3478 1217 3527 iilum

119 3549 252 3602 Minucius
263 3549 392 3598 Octavio:
410 3551 418 3576 ‘
432 3547 524 3599 Adbuc
532 3550 604 3599 annis
613 3550 651 3599 in·
688 3554 716 3599 et
727 3550 867 3598 resolutum
879 3549 1004 3599 incessum
1014 3555 1155 3615 expressit.
1171 3555 1216 3604 Pe·

119 3626 272 3677 nocentibus
290 3632 318 3675 et
328 3624 412 3675 adbuc
420 3625 555 3675 dimidiata
569 3626 651 3676 verba
687 3631 755 3674 tron.
772 3623 920 3690 ‘fractique
931 3627 1020 3676 enervi
1031 3642 1216 3694 corporcgres·

119 3701 291 3763 tentantibus,
306 3701 435 3765 loquelam
451 3701 508 3763 ipso
524 3699 650 3751 offensan-
686 3698 747 3750 sns.’
776 3699 905 3750 Prudent.
927 3700 1116 3763 Psycbomneb.
1132 3705 1216 3756 ‘Seri-

119 3778 153 3828 tis
165 3777 260 3840 lingum
270 3774 398 3839 fragmine
410 3776 567 3826 dulciorem!
592 3779 650 3828 Sta·
686 3790 767 3841 eaque
775 3776 801 3824 in
810 3775 901 3826 fruetis
910 3773 1216 3842 fluitentutpnlliamem·

118 3852 170 3902 tius
179 3867 281 3916 quoque
289 3852 415 3915 Epieedio
425 3853 541 3903 Gianeiae
553 3855 561 3882 ‘
572 3855 650 3904 verba
687 3851 759 3903 bris!
788 3854 825 3901 D.
838 3852 1009 3915 Hieronymus
1020 3854 1053 3902 ad
1067 3857 1214 3907 Rusticum:

118 3928 271 3992 refringere'
282 3929 315 3978 de
327 3928 422 3979 infanti
434 3930 508 3981 dixit.
535 3931 543 3958 ‘
555 3933 648 3982 Molles
686 3928 694 3956 ‘
705 3929 758 3981 Qui
769 3928 877 3991 gradum
884 3928 986 3977 mollins
996 3929 1144 3982 incedendo
1151 3931 1215 3982 fran-

119 4003 650 4072 etinfrscticentus’apudSenec.‘Ep.90.
686 4004 1216 4071 gont,tanquamfeneotsscratunoots!

119 4082 251 4134 Ennodius
262 4081 474 4147 Epigrammatis:
497 4084 650 4152 ‘Improbe,
685 4081 816 4148 Sulpicius
827 4081 1005 4147 Lupercusin
1022 4082 1166 4136 Cataleotis
1177 4085 1216 4136 Pi·
