2700 4702
559 550 771 628 XXXIX.

389 923 494 1015 CL.
547 922 930 1015 CLAUDIANI

204 1202 1124 1337 EPISTOLAE.

515 1517 815 1552 a

9 1686 13 1693 ’
114 1719 185 1784 nn.
222 1718 250 1782 1.
294 1714 603 1782 nurnuoanro
639 1713 706 1780 nu
741 1712 1050 1780 Haunrnuunr
1089 1715 1217 1782 raam-

411 1847 608 1915 euenum
645 1845 921 1912 Pannonio,

495 2062 723 2115 ARGUMEN
734 2061 839 2112 TUM.

148 2179 327 2228 Cuaunrnnua
337 2175 364 2225 in
375 2175 492 2224 Mallium
508 2184 536 2224 et
553 2176 714 2225 Hadrianum
735 2173 867 2237 scripsisse
882 2171 1020 2223 dicebatur
1035 2187 1146 2238 sequens
1158 2174 1219 2238 Epi·

117 2271 248 2322 gramme:
273 2254 399 2303 ‘Mallius
415 2254 534 2316 indulget
548 2269 648 2316 somno,
663 2259 806 2316 noctesque
818 2251 924 2316 diesque
936 2268 943 2312 3
961 2252 1089 2303 insomnis
1108 2255 1221 2305 Pharius

116 2351 199 2396 sacra,
217 2332 323 2403 profana
339 2334 418 2395 rapit.
452 2333 578 2382 Omnibus
598 2334 646 2384 boo
665 2334 742 2383 Italae
755 2340 846 2396 genter
858 2333 992 2396 exposcite
1009 2334 1095 2394 rotia3
1113 2335 1219 2385 Mallius

83 2439 88 2448 ·
117 2415 254 2479 utvigilet,
265 2412 545 2463 dormiatatpnarim!
557 2414 610 2463 Per
620 2415 743 2463 Pharium
754 2413 876 2476 iutelligit
885 2414 1046 2463 Hadrianum
1057 2405 1219 2480 AEgyptirrm,

117 2497 178 2562 quie
191 2493 349 2543 Alexandria
360 2493 507 2552 oriundum,
518 2507 594 2557 quern
613 2493 662 2541 hoc
674 2493 866 2556 Epigrammete
885 2493 1053 2543 vehementer
1065 2493 1222 2563 offenderat,

116 2576 201 2640 utqui
213 2588 271 2624 eum
283 2573 356 2622 velut
367 2573 493 2622 iatronem
505 2578 533 2622 et
544 2573 838 2637 sacrilegumcarperet.
871 2574 987 2639 Ideoque
997 2576 1046 2624 sibi
1059 2582 1151 2638 postea
1160 2591 1220 2626 cou-

117 2657 185 2706 scius
197 2657 323 2705 malornm
333 2652 566 2718 imminentium‚et
574 2660 682 2704 vexatos
694 2655 726 2704 ab
735 2654 869 2704 Hadriano
880 2655 976 2704 amicos
988 2670 1045 2704 suos
1058 2656 1159 2720 dolens,
1167 2657 1222 2720 ejus

116 2737 181 2786 iram
194 2736 241 2784 bac
253 2734 371 2798 Epistola
383 2734 547 2798 deprecatur,
556 2734 601 2784 sed
613 2735 651 2783 ita
661 2740 757 2797 tamen,
765 2740 793 2782 ut
804 2734 879 2782 bomo
890 2733 922 2782 ad
935 2734 1100 2784 dicacitatem
1112 2750 1222 2799 propen-

118 2832 170 2878 sus,
187 2816 230 2882 (ut
240 2829 297 2864 esse
309 2815 393 2863 solent
404 2813 536 2878 Africani)
552 2820 580 2864 et
590 2813 738 2864 Stilichonis
750 2814 909 2864 anctoritate
920 2811 1012 2876 fretus,
1024 2814 1068 2864 vix
1079 2830 1108 2866 se
1120 2821 1222 2878 teneat,

118 2897 179 2963 quin
189 2895 240 2959 ipsi
251 2894 342 2944 illudat
354 2893 500 2943 Hadriano.

120 3141 263 3242 Usuun
279 3167 406 3231 adeone
420 3173 487 3233 luae
503 3170 698 3253 producitur
712 3173 852 3254 impetus
867 3170 952 3234 iraei

41 3377 47 3388 Δ
151 3321 561 3376 Aaoiolentiairacundioeluoebnc
575 3325 825 3393 uspuepragredilnr?
850 3326 1045 3392 Anfinisarrllru
1064 3327 1112 3377 erit
1121 3326 1222 3391 fletibrre

598 3451 760 3474 monnone

152 3531 185 3582 In
201 3532 301 3582 Bonon.
320 3535 418 3583 Codice
434 3533 568 3598 legebatur
585 3536 634 3584 lroo
653 3549 756 3584 carmen
774 3541 834 3598 post
853 3537 1019 3600 Epigramma
1037 3548 1104 3585 xxx.
1131 3535 1158 3586 in
1170 3549 1222 3601 qno

120 3596 237 3658 hasulis
251 3600 281 3646 ad
300 3599 432 3648 Adrianum
450 3599 609 3662 inscribitur,
621 3599 660 3648 uti
678 3605 706 3648 et
724 3599 751 3648 in
768 3602 864 3650 Monet.
884 3616 923 3663 pr.
941 3601 992 3650 inc.
1013 3599 1105 3650 Heius.
1117 3606 1146 3650 et
1157 3599 1222 3652 Cod.

120 3661 211 3726 Epigr.
225 3661 314 3713 Arnbr.
327 3671 445 3714 vocetur.
465 3664 492 3712 in
504 3664 613 3713 Lucens.
623 3676 662 3726 pr.
681 3664 826 3728 Deprecatio
842 3667 874 3715 ad
892 3665 1053 3714 Hadrianum.
1063 3672 1090 3715 et
1102 3666 1128 3715 in
1138 3678 1219 3728 marg.

617 3808 729 3861 NOTAE

153 3921 307 3985 Deprecatio]
335 3923 367 3971 lu
378 3921 511 3972 veteribus
522 3921 597 3971 libris
612 3923 648 3972 le·
721 3923 865 3984 Praefectum
897 3924 1028 3986 Praetorio]
1078 3923 1224 3976 Praefectus

121 4001 192 4064 gitur
204 3999 253 4049 bio
271 4002 378 4050 titulus:
403 4001 559 4063 Epigramma
577 4000 649 4050 salis·
689 4001 818 4050 Praetorio
827 4000 859 4050 ab
871 3999 990 4063 Angusto
998 3999 1101 4048 Caesare
1110 4000 1223 4063 primurn

115 4079 232 4142 factionis
240 4081 302 4144 epod
315 4079 473 4129 Hadrianum.
688 4075 825 4126 institutus
843 4082 883 4126 est
893 4089 927 4125 ea
938 4074 1060 4140 Equestri
1070 4075 1183 4141 Ordine,
1193 4082 1224 4127 ut
