2700 4702
117 272 204 372 1068
472 313 529 364 on.
554 311 765 368 ousunrsur
788 310 872 374 xm.

610 702 726 778 XLI.

356 930 444 1008 ΕΡ.
471 928 549 1006 111.
571 931 649 1004 AD
671 928 983 1004 OLYBRIUM·

515 1185 829 1240 ARGUMENTUM.

153 1335 301 1386 Qunulrnn
312 1332 393 1382 amice
404 1331 437 1382 de
450 1332 569 1396 Olybrio,
578 1332 647 1396 quod
657 1331 689 1383 eb
701 1345 732 1381 eo
744 1329 843 1382 tamdiu
855 1327 921 1378 nihil
930 1323 1066 1389 acceperit
1080 1322 1222 1382 literarum,

122 1414 236 1464 excussis
247 1411 366 1462 omuibus
377 1412 548 1462 cunctationis
560 1411 654 1462 causis.

518 1661 830 1678 Μ

120 1857 239 1949 Qum
255 1904 338 1961 rear,
355 1885 474 1949 affabre
490 1886 579 1969 quod
594 1905 660 1948 non
674 1884 754 1948 mihi
771 1883 887 1965 dirigis
902 1883 1002 1962 ullos,

167 1985 241 2048 Neo
257 1987 343 2049 redit
358 1987 484 2052 alterno
500 1988 620 2070 pollice
637 1987 738 2050 ducta
752 1987 868 2050 salusl

118 2086 340 2155 Scribendiue
355 2088 474 2151 labori
499 2087 559 2150 sed
576 2106 652 2169 quae
670 2092 737 2151 tam
753 2106 859 2169 prona
872 2086 1030 2164 facultas,

153 2188 324 2252 ‘Carmina
339 2209 401 2251 seu
416 2188 542 2267 fundis,
558 2208 618 2252 seu
631 2187 794 2252 Cicerone
808 2189 932 2253 tonasl

157 2383 221 2438 Quid
230 2388 320 2446 potem,
338 2385 399 2446 qood
410 2385 498 2433 nullam
508 2385 568 2434 mibi
584 2386 663 2435 mittis
673 2386 805 2449 epistolum,
820 2399 893 2447 seque
903 2381 1016 2432 salutatio
1033 2378 1122 2444 scripta
1134 2380 1227 2431 alim

119 2461 194 2498 maan
205 2455 249 2495 tua
259 2448 367 2496 redditur
384 2446 463 2497 mill?
487 2449 527 2497 Au
546 2450 672 2515 difficultas
689 2449 736 2497 tibi
748 2455 788 2497 est
805 2449 831 2496 iu
850 2462 899 2496 eom
915 2443 1023 2496 ruendo?
1046 2444 1096 2494 Sed
1106 2446 1146 2493 cul
1156 2449 1228 2493 tants

117 2509 227 2570 facilitas
238 2517 287 2573 est,
303 2511 351 2560 aloe
357 2511 423 2570 foris
433 2525 521 2576 omens,
530 2512 692 2572 seasulms'oue
703 2513 785 2562 instar
795 2508 935 2562 Cicerone?
960 2510 992 2558 In
1004 2515 1031 2558 te
1042 2507 1227 2566 bonasorlasta

118 2784 129 2799 ,
156 2729 189 2779 Iu
199 2729 257 2779 Vat.
269 2744 306 2790 pr.
319 2736 346 2779 et
357 2731 418 2780 Vat.
430 2729 513 2780 Livia.
531 2732 640 2794 Epistola
650 2734 682 2780 ud
694 2731 820 2795 olybrium
838 2729 997 2781 inscribitur.
1030 2729 1062 2778 In
1075 2729 1171 2780 Moret.
1204 2741 1225 2780 r.

124 2800 192 2855 erat,
209 2795 296 2856 Incipit
310 2794 418 2857 Epistola
428 2797 460 2843 ud
472 2794 623 2856 Olimbrium
641 2795 711 2859 *quod
730 2802 758 2844 et
769 2796 820 2844 duo
831 2795 902 2844 Med.
920 2800 948 2843 et
965 2795 1017 2843 inc.
1037 2793 1143 2842 Heinsii
1154 2807 1187 2842 ex
1207 2792 1228 2837 ὀ

124 2859 197 2908 bent.
210 2860 319 2908 Luceus.
331 2873 369 2920 pr.
382 2859 462 2906 habet
480 2859 588 2920 Epistola
607 2861 639 2907 ud
651 2859 779 2919 Ollbrinm,
789 2865 817 2907 at
826 2859 871 2907 ribi
881 2857 977 2907 scribut.

159 2928 172 2971 l
189 2938 243 2970 reor
255 2923 353 2970 Buslid.
369 2925 431 2969 ultro
443 2936 490 2984 pro
502 2924 560 2970 allos
572 2923 702 2972 Oisel.-2
718 2923 783 2971 dicto
793 2924 858 2972 salas
869 2923 952 2971 Lirin.
963 2920 1094 2984 imperite,
1111 2924 1141 2968 ut
1152 2925 1229 2971 notet

126 2985 268 3034 Helue-3
292 2985 444 3033 scribendine
454 2986 547 3033 Petav.
560 3000 599 3047 pr.
624 2986 749 3037 Scribeudr'
768 2987 880 3035 laborent
896 2986 1008 3048 vatur.
1030 2984 1149 3032 scribenti
1161 2983 1229 3033 labor

122 3054 161 3096 est
172 3047 260 3096 Ambr.
270 3062 308 3108 pr.
319 3048 439 3096 Heinsius
451 3049 604 3111 ascripserat
615 3048 696 3099 Rutil.
707 3050 764 3099 Lib.
772 3064 802 3099 11.
815 3049 967 3099 Itin.iuitio.
983 3049 991 3076 ‘
1003 3046 1093 3096 Taedia
1103 3048 1228 3097 contiuuo

127 3112 212 3160 timuit
223 3111 417 3159 cessuralabori
429 3111 544 3173 Sumere,
563 3127 596 3160 ue
614 3114 699 3163 lector
712 3115 777 3177 juge
797 3120 905 3175 paveret
922 3112 1005 3175 opus!
1030 3126 1137 3174 puoeuum
1150 3125 1228 3174 ports

121 3175 197 3229 Med.
210 3189 260 3224 sec.
277 3177 336 3223 dura
343 3174 451 3234 facultas
462 3175 517 3223 Pal.
528 3176 579 3226 duo
590 3177 713 3225 Med-d
729 3179 810 3226 tundis
819 3177 879 3226 Pul.
893 3177 1005 3225 Cicerone
1016 3180 1069 3224 tres
1080 3175 1154 3225 Vatt.
1167 3174 1226 3225 Pel.

127 3239 199 3289 Rott.
212 3237 292 3287 Oisel.
311 3239 424 3288 Cicerone
436 3240 499 3289 Exn.
512 3241 622 3290 Lucens.
635 3256 675 3304 pr.
688 3243 768 3292 Gesn.
780 3249 808 3291 et
818 3240 861 3291 ed.
875 3240 981 3304 Bipont.
993 3238 1118 3288 Heinsius
1130 3238 1230 3304 aseripp

623 3346 728 3397 NOTAE

161 3436 296 3500 olybrium]
314 3438 365 3487 Hic
377 3422 433 3488 era't
444 3438 512 3488 iilius
523 3441 655 3503 Probi‚de
727 3447 743 3491 2
760 3439 861 3503 Pollice]
884 3440 967 3489 Manu
985 3439 1084 3503 scripta
1098 3437 1228 3489 salutatio.

126 3527 176 3578 quo
188 3513 213 3561 iu
226 3513 368 3563 Consulatu
388 3515 495 3564 Probini
512 3522 542 3578 ,et
554 3516 656 3580 Olybrii
694 3516 761 3565 Pars
781 3530 829 3578 pro
858 3520 928 3564 toto:
955 3514 1078 3578 iutelligit
1102 3513 1229 3576 scripturn

125 3601 220 3651 supra:
238 3589 282 3652 qui
294 3589 417 3652 Olybrius
426 3589 476 3640 fnit
487 3591 584 3641 Consul
596 3590 657 3640 doc·
696 3591 811 3640 versibus
823 3590 970 3654 epistolam,
987 3604 1038 3654 qua
1055 3595 1113 3639 arte
1124 3588 1230 3640 valebat

123 3667 177 3724 rus,
200 3667 228 3710 et
245 3664 269 3709 in
290 3668 346 3711 toto
366 3664 520 3714 Occidentis
542 3665 656 3727 Imperio
697 3665 830 3728 Olybrius.

126 3736 331 3799 spectatissimus
348 3738 570 3802 nobilissimosque
587 3740 657 3788 uabi-
730 3739 812 3801 Salas]
830 3737 907 3801 Apud
928 3736 1046 3800 antiquos
1065 3741 1146 3799 capul
1165 3735 1233 3800 epis·

127 3818 178 3859 tus.
219 3811 296 3860 Unde
316 3812 446 3875 conjicias,
467 3814 558 3877 quanti
581 3813 658 3862 fieret
698 3812 1148 3874 tolaeasalutationeiucipiebatar.

126 3891 215 3934 uester
228 3887 392 3936 Claudianus.
729 3893 745 3937 4
761 3886 955 3948 Cicerouetouua]
964 3886 995 3936 Id
1004 3893 1054 3948 est,
1061 3886 1148 3936 verbis
1157 3885 1233 3937 Cice·

161 3965 175 4008 l
191 3960 289 4023 Affutas
298 3963 367 4028 allos]
386 3962 492 4013 Nullum
502 3962 658 4028 colloquium
698 3964 778 4023 tonis,
793 3976 840 4011 seu
852 3963 964 4011 tonando
973 3960 1073 4026 profers
1082 3961 1231 4017 orationem

128 4035 304 4102 epistolarem.
698 4037 808 4089 similem
817 4036 930 4088 orationi
941 4036 1085 4089 Ciceronis.
