2700 4702
188 302 255 372 ast
523 314 816 366 anemurium
840 312 981 363 xxxrr.

191 463 347 544 Namque
362 460 462 525 modo
476 460 627 524 adversis
643 459 757 523 invadi
772 461 903 522 viscera
919 459 1008 533 telis,

191 565 293 628 Nunc
309 565 373 626 sibi
387 568 534 627 mutatas
548 563 659 626 horret
674 562 857 642 nigrescere
871 567 995 636 vestes,

191 661 292 728 Nunc
309 665 437 728 steriles
451 654 569 728 mediis
584 663 738 727 frondere
754 663 930 747 penatibus
946 679 1058 726 ornos.

190 765 310 829 Stabat
325 771 485 847 praeterea
497 765 575 829 luco
590 764 746 833 dilectior
762 763 854 826 omni

190 867 334 944 Laurus
349 867 514 947 virgineos
528 866 693 949 quondam
709 886 786 948 quae
798 865 915 928 fronde
928 863 1055 945 pudica
1250 862 1294 926 75

189 965 375 1031 Umbrabat
388 968 561 1030 thalamos.
585 966 686 1029 Hanc
699 968 767 1030 ima
781 967 884 1048 stirpe
899 965 1040 1030 recisam

188 1068 296 1146 Vidit,
312 1074 345 1132 et
359 1069 524 1132 incomtos
539 1067 659 1132 foedari
677 1068 812 1150 pulvere
825 1087 947 1132 ramos

182 1169 430 1253 ,Quaerentique
446 1170 551 1246 nesae,
567 1171 719 1254 Dryades
741 1171 853 1234 dixere
872 1175 1052 1252 gementes,

168 1301 293 1357 ,videtur
314 1303 394 1350 amitti
414 1306 551 1364 portatam
572 1317 685 1351 somnam.
726 1304 822 1353 Etenim
841 1319 903 1352 nanc
920 1303 1006 1353 masii
1023 1301 1108 1366 impeti
1128 1300 1175 1351 sibi
1196 1305 1291 1350 meram

186 1369 260 1415 armis
269 1367 379 1427 inimicis,
394 1381 455 1414 nnnc
469 1368 561 1415 metuit
573 1368 711 1416 uestimenta
720 1369 766 1417 sibi
779 1373 872 1416 mutata
883 1370 955 1430 nigra
959 1368 1029 1432 fleri,
1038 1373 1094 1416 tanc
1102 1381 1170 1414 ornos
1179 1365 1294 1422 insecun-

187 1432 231 1479 das
248 1430 361 1478 virescere
377 1431 402 1477 ia
420 1431 478 1492 ipsis
494 1431 607 1480 domibus.
639 1432 738 1496 lumper
757 1435 838 1481 lauras
854 1434 932 1480 carior
943 1438 993 1481 tota
1013 1433 1079 1495 syloa
1099 1430 1220 1491 surgebat,
1241 1444 1293 1491 quc

187 1494 245 1542 otim
261 1495 354 1555 tegebat
367 1494 438 1554 foliis
454 1497 526 1543 castis
542 1495 672 1544 cubiculum
692 1498 775 1559 paelice
791 1498 970 1560 Proserpinae:
992 1498 1084 1559 aspexit
1096 1496 1156 1544 banc
1166 1494 1293 1543 abscissam

187 1559 220 1608 ab
232 1559 284 1622 ipsa
294 1559 381 1622 radice,
397 1558 523 1618 etfrondee
533 1560 655 1609 irroramur
666 1561 785 1624 inquinari
794 1563 889 1625 patuere
894 1577 904 1618 ,⁸
920 1567 942 1610 et
955 1563 1066 1626 Dryades
1078 1562 1167 1625 flentes
1178 1559 1293 1608 dixerant

186 1732 248 1783 vat.
260 1741 345 1800 quart.
355 1735 420 1798 Reg.
432 1734 493 1786 Juu.
505 1741 532 1784 et
544 1710 629 1786 Oxou.
641 1738 746 1798 pr.-tl
763 1736 806 1784 sab
819 1737 924 1786 adversis
932 1737 995 1786 Vat.
1008 1733 1212 1802 quintianensis
1227 1733 1291 1783 Vnt.

189 1813 228 1862 pr.
241 1799 307 1850 Cod.
320 1799 465 1849 Bartlrolin.
477 1801 580 1848 adversis
589 1800 703 1848 Florent.
716 1799 768 1848 duo
779 1800 853 1850 Med.
870 1802 960 1850 Heins.
972 1802 1008 1850 H.
1021 1810 1048 1851 et
1068 1802 1117 1849 inc.
1135 1798 1217 1862 ejusd.
1227 1798 1292 1846 Pnt.

187 1863 254 1924 Reg.
266 1864 315 1913 duo
330 1865 420 1912 Petav.
441 1867 540 1913 Bonon.
556 1865 658 1912 Tlrolos.
669 1861 761 1912 Ambr.
781 1872 842 1914 tert.
862 1867 959 1914 ltloret.
977 1881 1015 1928 pr.
1033 1866 1090 1914 duo·
1103 1864 1165 1914 Juu.
1182 1861 1292 1911 totidem

189 1926 275 1975 Oxou.
288 1935 315 1976 et
327 1929 401 1975 Voss.
414 1929 477 1976 Exc.
489 1929 582 1977 Petav.
595 1933 679 1991 quart.
691 1926 751 1976 Ald.
763 1929 825 1978 Var.
837 1931 889 1978 LL.
908 1945 922 1977 e
939 1945 1019 1991 marg.
1032 1931 1118 1978 Parin.
1128 1927 1232 1975 inmissis
1249 1926 1292 1974 ed.

186 1990 272 2040 Vicet.
284 1992 376 2040 inuadit
387 1993 479 2040 Petav.
492 1996 609 2042 sec-72
628 1993 679 2039 Nec
694 1991 740 2039 sibi
759 1998 863 2041 mutatas
876 1995 968 2044 Petav.
988 2009 1039 2042 sec.
1057 1995 1110 2054 jam
1129 1992 1175 2040 sibi
1195 1992 1294 2039 Moret.

186 2059 290 2118 pru—73
308 2057 364 2118 Nan
374 2058 467 2104 steriles
477 2057 538 2105 Vat.
553 2063 612 2105 tert.
623 2057 713 2118 florere
726 2054 815 2105 Ambr.
828 2062 954 2107 tert-⁷4
971 2058 1082 2107 detectior
1094 2057 1156 2104 Put.
1172 2056 1234 2106 Juu.
1251 2068 1292 2116 pr.

187 2118 263 2169 Voss.
275 2135 314 2182 pr.
327 2121 391 2170 Erre.
403 2121 494 2169 Petsr.
506 2128 592 2184 quart.
604 2121 703 2170 ditatior
713 2120 776 2168 Vat.
789 2129 874 2186 quart.
887 2123 962 2171 Voss.
973 2126 1088 2170 sec—75
1106 2121 1222 2183 quaradarn
1233 2119 1292 2166 Flo·

188 2192 255 2235 reat.
265 2199 323 2233 curn
335 2185 531 2247 quatuordecim
544 2185 608 2247 aliis,
622 2186 685 2233 Exe.
698 2186 789 2234 Petav.
806 2192 891 2251 quart.
902 2185 964 2236 ΑΜ.
976 2188 1017 2235 ed.
1026 2185 1114 2235 Vicet.
1132 2184 1193 2232 Var.
1206 2183 1259 2232 LL.
1277 2197 1292 2230 e

187 2262 268 2310 marg.
294 2248 382 2298 Parra.
405 2264 456 2310 qaae
477 2251 592 2310 qaoadarn
618 2249 682 2310 Reg.
707 2248 794 2298 0xon.
822 2266 861 2312 pr.
889 2251 951 2301 Juu.
981 2266 1031 2300 sec.
1057 2251 1171 2298 chartac.
1198 2247 1292 2295 Heius.

186 2310 227 2365 sd.
253 2312 341 2359 Parm.
369 2319 397 2360 et
423 2313 511 2360 vicet.
539 2313 595 2360 otim
618 2328 670 2374 quae
696 2313 738 2360 ed.
760 2315 852 2363 Barth.
879 2317 992 2376 pecandum
1021 2330 1073 2378 qaae
1097 2320 1208 2377 quatuor
1229 2311 1293 2360 Vat.

186 2381 216 2425 et
231 2375 256 2424 d.
277 2377 337 2437 qaod
347 2374 431 2432 jiuate
448 2376 575 2425 Pub-76
595 2375 709 2424 Vibrabat
732 2376 804 2426 Med.
825 2393 864 2441 pr.
886 2379 1013 2427 Urnbrarat
1036 2380 1096 2426 Vat.
1123 2384 1208 2439 quart.
1231 2375 1294 2424 banc

182 2439 263 2503 prima
280 2439 362 2501 stipite
384 2454 468 2488 coesorn
487 2441 560 2488 Voss.
581 2438 620 2501 pr.
642 2440 730 2501 cespite
749 2456 832 2490 casam
854 2444 917 2503 Reg.
938 2443 1022 2492 Oxou.
1041 2457 1081 2505 pr.
1110 2440 1201 2489 Ambr.
1229 2445 1292 2489 tert.

186 2518 233 2551 ano
263 2504 349 2565 cespite
376 2517 460 2552 casam
476 2505 538 2552 Vnt.
566 2516 608 2565 pr:
636 2505 699 2552 Cod.
721 2505 864 2554 Barthoiin.
890 2507 937 2555 imo
957 2507 1040 2568 stipite
1067 2521 1151 2554 cesam
1177 2506 1292 2553 Floreat.

186 2581 246 2616 cum
257 2567 403 2617 octodecim
416 2569 482 2626 aliis,
494 2568 559 2615 Exc.
569 2568 660 2616 Petav.
682 2576 764 2630 quart.
777 2570 818 2618 ed.
831 2572 918 2618 Parin.
931 2577 958 2619 et
970 2573 1055 2619 Vicat.
1072 2571 1157 2618 incisos
1165 2570 1227 2617 Vat.
1239 2583 1293 2617 sec.

187 2631 262 2680 Voss.
275 2636 393 2680 see—77
408 2632 490 2694 stipite
502 2646 549 2694 pro
564 2633 660 2693 patrare
669 2632 726 2680 Pal.
738 2634 815 2683 crines
824 2636 885 2683 Vat.
902 2641 986 2698 quart.
997 2651 1074 2683 ramos
1085 2641 1137 2684 tres
1146 2634 1257 2682 Vatt.et
1265 2632 1293 2681 d.

186 2699 252 2745 -ts
271 2697 330 2751 Qua
340 2700 393 2744 sant
403 2711 500 2758 queque
518 2710 564 2758 pro
577 2696 742 2758 Qaoerentique
754 2697 818 2747 Exc.
833 2699 926 2749 Petsv.
942 2707 1027 2763 quart.
1046 2698 1208 2760 eraesioitqae
1225 2696 1292 2746 Cod.

186 2754 331 2810 Bartholin.
348 2767 375 2810 et
386 2761 496 2811 maxima
508 2760 591 2811 Codd.
603 2776 673 2824 pars,
689 2761 750 2811 edd.
767 2763 855 2814 Parin.
866 2763 956 2814 Vicet.
966 2765 1041 2815 dant.
1052 2762 1114 2812 Ald.
1127 2762 1247 2810 Parruas.
1265 2766 1294 2811 et

688 2846 793 2908 uorsa

196 2936 199 2941 '
219 2940 250 2984 71
268 2936 354 2985 invadi
365 2937 467 2998 viscera]
484 2937 593 2985 Percuti
604 2940 717 2998 uterum,
758 2954 833 3001 quam
853 2939 940 2988 sedem
956 2939 1053 2988 somnia
1071 2938 1149 3002 vulgo
1164 2938 1238 2986 Vana
1256 2944 1292 2986 te·

186 3015 231 3078 qui
248 3006 419 3063 iueratseites
432 3015 592 3075 Poserpinae‚
607 3014 718 3077 ideoque
757 3029 820 3063 nere
841 3014 947 3065 ierunt.²
984 3016 1018 3064 Et
1039 3015 1142 3064 Cereris
1165 3013 1292 3063 sornnium

184 3087 212 3137 id
224 3087 274 3150 ipsi
285 3087 386 3137 cladem
402 3089 584 3150 portendebat.
610 3090 719 3136 Viscera
758 3104 809 3137 non
827 3105 920 3139 vanum
939 3090 990 3140 fuit
1006 3099 1051 3140 aut
1068 3090 1161 3139 fallax:
1179 3090 1292 3152 ideoque

184 3163 212 3212 i'n
227 3178 316 3213 somno
336 3179 376 3212 res
393 3165 460 3214 bene
479 3166 521 3213 vel
539 3165 606 3213 male
625 3179 719 3227 praesa-
757 3165 847 3213 somnia
862 3181 922 3214 cana
935 3166 1061 3229 intellige,
1078 3181 1134 3230 quae
1154 3165 1292 3228 aliquando

185 3239 267 3304 giunt.
300 3241 389 3289 Mater
401 3239 512 3303 Augusti
524 3240 555 3289 ad
568 3243 660 3291 coelum
674 3256 720 3290 sua
759 3255 824 3289 vana
836 3247 896 3290 sunt
907 3241 1052 3303 attellana,
1069 3256 1118 3289 non
1132 3255 1241 3303 semper.

185 3316 286 3364 viscera
309 3314 373 3362 ferri
392 3316 550 3376 crediderat,
574 3316 643 3364 unde
664 3314 718 3364 Au·
790 3318 822 3365 74
838 3317 904 3364 Laco
915 3317 1024 3364 dilectior
1034 3315 1108 3376 omni]
1128 3317 1192 3365 Quae
1207 3316 1290 3378 magis

185 3399 261 3456 gusto
272 3391 386 3441 felicitas
398 3393 518 3454 portendi
529 3393 582 3440 visa
594 3399 643 3442 est.
757 3391 970 3454 placebat,quam
979 3389 1198 3454 sylvatota,unde
1208 3397 1292 3439 traus-

217 3472 249 3517 72
267 3469 376 3516 Matutae
396 3468 481 3529 vestes]
507 3466 573 3517 Alba
592 3468 672 3516 restis
689 3468 716 3515 in
756 3466 810 3514 lata
821 3465 916 3515 fuerat.

91 3529 94 3535 ⁴
185 3543 337 3593 Cerealibus
369 3545 528 3592 sumebatur.
591 3544 715 3592 Ovidius:
788 3545 819 3588 75
838 3538 1293 3603 Fronacpadica]Attuditadnapu-

184 3619 284 3668 ‘Festa
298 3619 349 3681 piar
370 3618 473 3667 Cereris
491 3618 660 3667 celebrabant
675 3634 718 3667 an·
757 3630 815 3678 nen,
832 3632 891 3680 quae
909 3616 1005 3664 mutari
1025 3615 1053 3662 in
1071 3615 1170 3662 lauram
1190 3616 1294 3678 maluit,

185 3711 237 3747 uua
246 3703 341 3744 matres
355 3695 413 3756 Illa,
430 3695 521 3758 quibus
537 3696 613 3744 nivea
623 3698 716 3746 velatae
757 3706 833 3754 quam
845 3692 1023 3754 virginitatem
1031 3689 1150 3754 prodere.

184 3786 295 3834 corpora
305 3776 386 3831 veste,
395 3770 527 3818 Primitiae
536 3769 718 3833 frugum,dant
794 3768 917 3828 Virgineus
938 3767 1061 3816 umbrabat
1085 3765 1211 3828 thalamos]
1240 3766 1291 3815 Cu-

184 3847 272 3909 spieea
287 3853 357 3895 serta
374 3846 522 3896 comarum!
554 3845 622 3897 Atra
640 3849 717 3898 vertis
758 3842 870 3893 biculam
883 3843 989 3906 tegebat
1000 3843 1164 3905 Proserpinae
1177 3842 1291 3891 nondum

181 3920 210 3970 iu
220 3924 291 3970 luctu
304 3922 410 3984 publico
421 3922 579 3971 sumebatur.
757 3926 855 3983 nuptae.

196 4000 247 4045 .Ὶὸ
266 3998 355 4060 Ornos]
375 4000 409 4048 Et
424 3997 492 4047 forte
509 4013 542 4046 ex
561 4000 630 4047 ulmo
650 4000 717 4047 mala
789 3999 821 4044 78
844 3995 965 4060 Dryades]
989 3994 1048 4045 ’Arri
1063 3994 1137 4059 ipris,
1163 4009 1290 4058 aquerca.

183 4072 418 4136 portendebantur,
434 4075 495 4138 quia
509 4074 631 4137 estapud
644 4072 716 4122 Inte·
756 4070 887 4133 Nymphae
908 4078 969 4120 sunt
990 4072 1129 4135 sylvarum,
1152 4084 1209 4133 qnae
1231 4084 1291 4118 cum

183 4160 236 4197 ros.
252 4147 388 4211 Virgilius:
406 4153 414 4178 ‘
427 4150 518 4200 Ulmus
526 4149 716 4214 opaceingens‚
757 4145 891 4199 arboribus
905 4152 933 4198 et
943 4147 1035 4198 vivunt
1050 4145 1290 4208 eteritiuguuntur.
