2700 4702
410 315 556 366 usurus
579 313 758 366 rnosnur.
783 315 854 365 nro.
878 314 936 365 ur.
1139 299 1228 366 1097

131 464 272 529 Protulit
287 462 518 527 Enceladuml
548 466 679 525 nostros
693 481 734 524 an
748 460 833 525 forte
847 463 990 542 penates

129 565 279 649 Appetiit
294 568 426 628 centum
442 563 594 628 Briareia
607 564 705 626 turba
718 562 876 626 lacertisl

127 666 217 745 Heu,
233 668 294 729 ubi
309 685 411 743 nuuc,
427 667 496 742 nbi,
510 672 600 743 ueta,
616 665 725 728 mihil
748 683 815 748 quo
830 664 920 728 mille
933 664 1106 741 ministra,

127 769 202 846 Quo
218 769 359 851 Cyanel
383 769 535 832 volucres
550 787 626 851 quae
642 768 694 832 vis
710 766 846 829 Sirenas
862 766 995 845 abegitl
1162 767 1227 834 19⁰

124 870 289 934 Haecoine
304 875 418 933 vestra
430 870 541 933 fidesl
565 871 613 932 sic
628 869 680 932 ins
697 869 810 931 aliena
824 867 906 931 tueri

123 972 297 1054 Pignoral
342 970 549 1037 Contremuit
562 972 686 1048 nutrix,
702 990 887 1053 moerorque
901 970 1024 1053 pudori

121 1114 196 1162 AEtrra
206 1111 319 1176 finitima
337 1112 396 1159 milri
415 1112 492 1160 emisit
504 1113 656 1170 Enceladum,
669 1110 807 1172 fornacibus
817 1111 923 1163 ceusu?
954 1112 994 1162 Art
1010 1111 1117 1174 sunites
1132 1118 1228 1163 estem

121 1177 221 1225 Briarei
231 1177 320 1224 incasit
328 1177 444 1238 palatium
454 1182 558 1225 marum
571 1177 671 1224 tractetis
681 1175 800 1228 certeris?
818 1175 891 1226 flers!
919 1177 967 1226 vot
978 1179 1099 1238 struendi
1140 1180 1145 1190 '
1168 1193 1228 1229 mes

121 1239 305 1302 creptamilti?
331 1240 487 1300 anfamutoe
498 1243 625 1289 innumera
636 1239 777 1304 fugeruut?
803 1241 856 1296 sta
868 1241 968 1305 Cyane?
997 1243 1091 1298 Qser'
1154 1241 1227 1303 tastr-

118 1307 187 1366 gaoit
198 1305 297 1353 Sirenes
307 1301 403 1354 alatas?
426 1305 465 1353 Ars
475 1306 530 1354 tatis
541 1312 582 1353 est
583 1305 648 1369 fides
658 1302 753 1354 restra?
780 1307 820 1354 Art
830 1305 867 1354 ita
874 1308 938 1354 decet
946 1308 1064 1357 modice
1074 1307 1160 1356 tieem
1170 1308 1228 1356 elie·

119 1367 180 1419 aas?
212 1369 301 1418 Attrir
310 1370 417 1418 Electra
427 1370 526 1419 tremuit
544 1369 642 1419 aduae
654 1369 742 1432 uerba,
753 1375 776 1419 et
794 1371 895 1420 tristitia
911 1371 985 1422 heum
996 1371 1059 1433 fecit
1073 1372 1227 1437 samia,

120 1597 166 1644 187
185 1593 293 1643 Pertulit
304 1593 364 1644 Jun.
376 1608 414 1658 pr.
427 1593 521 1643 Petav.
540 1608 591 1643 sec.
602 1593 711 1641 Perculit
721 1594 783 1643 Vat.
795 1599 857 1645 tert.
869 1599 896 1645 et
908 1596 991 1661 quint.
1003 1596 1104 1645 llrolos.
1123 1593 1227 1658 placidos

119 1675 167 1722 pro
178 1665 273 1706 nostros
285 1657 376 1706 Aurbr.
390 1665 452 1708 tert.
464 1664 554 1706 cestros
565 1659 663 1707 Bonan.
676 1657 779 1715 assate
790 1660 851 1708 Vat.
864 1675 903 1724 pr.
915 1676 931 1708 a
941 1661 1024 1721 srosrte
1037 1662 1130 1710 Peter.
1141 1673 1227 1709 see.-

119 1728 167 1772 188
184 1722 296 1786 Appellit
307 1724 349 1771 vel
360 1722 471 1785 Arripuit
483 1723 543 1770 Vat.
562 1737 613 1770 sec.
626 1723 697 1770 Voss.
709 1737 762 1770 sec.
783 1725 865 1772 calum
884 1739 930 1788 pro
949 1730 1041 1774 certam
1058 1725 1120 1773 Exc.
1132 1723 1227 1773 Peter.

118 1797 204 1851 quart.
217 1787 301 1835 lacerti
311 1788 387 1847 Voss.
406 1802 445 1849 pr.
458 1801 490 1834 ex
502 1788 661 1849 conjecture,
670 1786 795 1849 ascripto,
807 1792 814 1815 ⁸
827 1789 909 1837 multo
925 1787 1042 1837 festivius
1062 1791 1098 1837 sic
1115 1785 1228 1850 lego?-

118 1856 167 1901 189
186 1853 243 1900 Hert
266 1853 330 1900 Era.
349 1853 423 1900 Lati.
447 1851 516 1900 fleas
526 1851 587 1899 Vat.
609 1865 647 1913 pr.
661 1864 713 1898 sec.
734 1859 761 1900 et
782 1851 806 1900 cl.
818 1852 877 1901 Pul.
897 1854 1012 1902 Florent.
1025 1855 1075 1902 duo
1095 1850 1229 1901 Moatra

119 1915 214 1965 Heius.
227 1917 289 1964 Put.
302 1918 366 1978 Reg.
380 1924 433 1964 tres
445 1916 539 1964 Peter.
556 1915 657 1963 'Pholoe
671 1915 767 1966 Moret.
784 1931 821 1978 pr.
840 1918 920 1967 chart.
934 1918 1024 1966 Heius.
1038 1915 1228 1967 auctuario

119 1980 205 2029 Oxou.
223 1982 290 2028 Exc.
303 1981 394 2029 Petav.
406 1987 491 2044 quart.
505 1979 627 2028 Heinsius
641 1979 796 2042 ascripserat
808 1981 885 2031 Ovld.
896 1983 981 2046 Epist.
993 1981 1127 2031 Pluedrse:
1145 1983 1152 2008 ‘
1165 1980 1228 2029 llen

118 2044 162 2093 nbi
175 2059 245 2093 nnuc
265 2043 346 2093 fastus
362 2045 466 2107 altaque
485 2045 581 2092 verba?
594 2043 702 2106 jacent)
736 2046 772 2093 Ut
786 2045 834 2108 ipsi
854 2061 885 2094 eo
904 2046 931 2094 in
948 2047 1005 2094 loco
1017 2044 1227 2107 distinguendum

116 2109 231 2157 videtur.
249 2109 290 2156 ulrs'
306 2112 362 2156 uate
374 2110 488 2157 Floreat.
506 2113 563 2156 stata
574 2109 615 2156 vel
633 2112 702 2169 capta
715 2107 776 2158 Vat.
788 2123 841 2157 sec.
862 2115 918 2158 sata
935 2110 976 2158 vel
996 2115 1066 2172 rapta
1078 2109 1153 2157 Voss.
1173 2121 1227 2159 sec.

117 2177 246 2220 serenata
264 2174 323 2220 milri
343 2188 367 2220 es
389 2173 453 2236 Reg.
472 2173 558 2221 Oxou.
580 2186 618 2235 pr.
639 2172 703 2219 Erre.
716 2172 806 2220 Peter.
828 2183 911 2235 quart.
930 2173 989 2221 utili
1006 2179 1041 2221 est
1053 2171 1228 2222 onrnesVett.

119 2237 178 2285 Pal.
195 2238 261 2286 Cod.
284 2238 509 2285 anchona-190
525 2236 630 2298 queraris
652 2237 754 2284 volueres
776 2237 874 2285 Moret.
897 2252 937 2300 pr.
960 2238 1055 2287 Sirenes
1083 2244 1136 2285 tres
1154 2236 1228 2285 Vatt.

119 2300 183 2350 Cod.
197 2301 341 2350 llartholiu.
363 2302 478 2349 Floreut.
501 2301 553 2348 inc.
576 2298 769 2349 Heluallmbr.
793 2308 854 2349 tert.
878 2302 928 2350 duo
948 2302 1009 2352 Juu.
1032 2301 1081 2349 duo
1100 2301 1227 2350 Petam-

119 2368 165 2413 191
184 2366 293 2414 Haecine
304 2367 363 2414 Vat.
383 2381 421 2428 pr.
442 2369 522 2413 nostra
539 2366 597 2413 Vat.
619 2370 681 2412 tert.
694 2365 808 2413 Florent.
826 2366 876 2414 inc.
894 2366 1067 2415 Heius—192
1087 2365 1226 2414 Contremuit

118 2429 181 2477 Put.
192 2445 282 2478 memor
292 2444 362 2492 usqae
373 2445 419 2491 pro
437 2443 565 2490 rnoerorque
575 2428 636 2476 Vat.
656 2434 717 2475 tert.
735 2428 800 2477 labar
810 2429 851 2478 ille
861 2431 961 2479 Bonan.
981 2434 1101 2493 pudorque
1112 2430 1173 2478 Vnt.
1187 2443 1227 2490 pr.

118 2492 850 2619 tl.‘l¹¹¹¹¹p¹us“tt³tfs¹l›tlt‘tttttGlti‘ttlr
869 2492 1227 2609 'ttksttttltzttslt’

118 2623 213 2672 Petav.
227 2629 311 2687 quart„
326 2621 387 2672 Aru.
396 2622 458 2670 Var.
475 2622 527 2670 LL.
540 2635 555 2668 e
571 2635 652 2683 marg.
665 2619 752 2670 Parru.
767 2622 854 2684 pudori
866 2623 906 2671 vel
917 2623 999 2672 timeri
1010 2625 1075 2687 ch.
1088 2623 1175 2672 Oxou.
1187 2635 1228 2684 ps.

615 2754 722 2805 NO'l'lE

124 2889 127 2895 ,
151 2859 199 2905 187
217 2855 374 2916 Enceladum]
408 2854 459 2904 Hie
480 2855 552 2918 gigas
574 2851 654 2914 gemit
694 2854 1046 2917 menprovocataevicraequc
1059 2853 1150 2916 pennis
1166 2867 1228 2903 exn·

119 2948 258 2998 oppressus
270 2935 355 2983 AEtna.
615 2962 618 2967 ·
695 2935 729 2978 tae
741 2936 809 2977 sunt.
844 2929 927 2978 Porro
940 2929 992 2978 slas
1004 2935 1049 2978 sut
1060 2943 1075 2976 e
1087 2934 1164 2991 partu
1173 2943 1228 2979 sor·

149 3013 199 3058 188
208 3007 335 3069 Briareia]
344 3009 475 3065 Briareus,
484 3020 529 3054 seu
538 3005 653 3068 AEgaeon,
694 3004 750 3053 titae
761 3010 831 3066 sunt,
842 3010 888 3053 atrt
900 3013 976 3068 rapta
984 3004 1038 3068 jem
1057 3003 1227 3070 Proserpina,

121 3084 205 3147 gigas,
229 3084 295 3132 Coeli
314 3084 453 3146 'Persaeque
470 3080 546 3142 filius,
563 3081 649 3128 dictus
693 3081 951 3146 eamutalisadjutre
962 3083 1228 3147 permareperquire·

119 3161 354 3224 centumgeminus,
366 3173 422 3207 naus
435 3163 537 3207 centum
550 3156 655 3205 brachia
694 3166 763 3218 rent,
772 3173 847 3222 quam
860 3166 914 3207 toto
925 3160 987 3208 orbe
996 3175 1046 3208 nou
1055 3160 1224 3211 invenerant:

119 3237 216 3286 habere
227 3237 372 3285 dicebatur.
693 3234 737 3282 elii
755 3234 866 3298 denique
879 3235 969 3285 dicunt
990 3237 1094 3284 Sirenas
1114 3237 1228 3286 castissi-

152 3317 202 3361 189
219 3312 302 3374 Mille]
318 3313 409 3373 idest,
420 3311 568 3359 innumere.
596 3309 654 3358 Vir·
696 3323 750 3358 mas
768 3309 896 3372 fnisse,et
911 3310 1105 3361 ideooffeusam
1117 3312 1229 3363 Venetis

119 3388 265 3450 gils‘Mille
276 3402 341 3435 meae
349 3387 442 3436 Siculis
451 3392 540 3435 errant
550 3386 576 3434 iu
586 3398 656 3435 mon·
696 3384 846 3448 incurrisse,
864 3402 940 3451 quam
960 3402 1017 3436 cum
1038 3387 1159 3450 fugerent
1178 3387 1228 3437 alis
1249 3425 1251 3429 ,

121 3464 298 3527 tibuseguae.'
331 3464 406 3512 Mille
422 3470 450 3511 et
470 3468 574 3511 centum
595 3467 656 3511 sunt
696 3462 815 3524 sublate,
838 3463 871 3511 ad
893 3462 1077 3512 Anthemusam
1098 3461 1229 3526 Tyrrheni

121 3553 243 3588 uumerus
255 3546 344 3587 certus
359 3553 405 3600 pro
416 3538 525 3586 incerto.
696 3537 773 3584 maris
784 3537 890 3586 insulem
900 3537 1056 3602 confugisse.

154 3619 201 3665 199
216 3617 308 3679 Cyane]
324 3615 447 3678 Nympha
457 3613 536 3663 fontis
545 3614 656 3678 Cyanes,
728 3615 774 3660 191
787 3611 1065 3679 Haceireocstrafldes]
1091 3612 1228 3662 Hunccine

121 3691 316 3754 dequasupra.
695 3687 773 3738 fidem
800 3697 828 3739 et
863 3691 1027 3740 sedulitatem
1051 3687 1229 3739 custodiendis

156 3768 270 3817 Volscius
288 3766 398 3829 Sirenas]
432 3767 464 3817 ln
486 3767 563 3816 Indis
584 3766 656 3817 aiunt
695 3766 803 3814 alumnis
820 3767 967 3816 adhibetis?

121 3834 226 3892 Sirenas
233 3857 290 3892 esse
301 3843 426 3904 volucres,
436 3858 529 3908 easque
538 3844 654 3892 homiues
727 3847 775 3893 192
792 3843 911 3906 Pignora]
928 3844 1044 3902 Liberos,
1056 3841 1100 3905 qui
1111 3839 1183 3890 vobis
1196 3848 1227 3892 ut

123 3927 198 3970 cautu
211 3920 343 3981 delinitos,
356 3926 383 3968 et
402 3935 489 3969 somno
509 3921 606 3983 sopitos
617 3922 654 3970 ls·
694 3918 814 3982 deposita
830 3921 1026 3970 committuntur
1041 3917 1075 3967 ad
1093 3916 1227 3970 educatio·

123 4008 212 4044 corase
222 4011 228 4042 ε
246 3995 290 4043 alii
300 3996 399 4058 puellas
410 3994 488 4044 fuisse
498 3995 654 4060 fabulentur,
694 4009 760 4045 uem.

122 4068 231 4120 Acheloi
240 4069 316 4133 filies,
327 4072 412 4119 avium
424 4072 533 4133 pedibus
550 4073 654 4136 plumis
726 4073 819 4122 Moror
827 4072 912 4136 psdart'
927 4070 1009 4134 cerat]
1041 4070 1227 4122 Moerosealse·

122 4161 172 4212 que
193 4146 316 4212 insigues,
325 4161 410 4214 qrraes
421 4147 504 4198 Musis
523 4147 558 4198 ad
571 4155 656 4199 carte·
694 4155 768 4212 unte,
783 4149 872 4199 nutrix
883 4148 962 4214 coepit
976 4147 1131 4201 erubescere
1141 4153 1170 4199 et
1180 4161 1227 4212 op·
