2700 4702
117 288 206 357 1322
440 302 499 352 cn.
521 299 734 351 ucsuursru
759 298 903 351 xxxvi.

119 450 190 514 Hei
204 448 304 512 mihi!
328 446 502 511 discedunt
516 464 653 508 omnes:
678 444 757 526 quid
773 464 862 507 vanu
874 443 1014 508 moraris

118 551 265 616 Ulterius
277 551 292 612 i
314 569 381 612 non
397 548 486 611 heliu
499 548 610 629 palam
626 547 780 610 coelestiu
794 547 926 610 sentis?

119 650 211 730 Quin
228 653 465 734 potiusnatum
479 648 599 730 pelago
614 651 774 730 terrisque
789 648 956 729 requiris]
1160 645 1225 711 tlt

118 752 285 834 Accingar
298 746 437 815 lustrare
452 750 561 815 diem:
585 771 644 833 per
659 750 757 814 devia
772 768 879 813 rerum

119 854 295 919 Indesessu
310 853 413 916 scrut:
436 853 530 916 nullu
545 853 735 916 cessabitur
748 852 845 915 horu.

121 955 154 1019 N
158 975 201 1017 0n
216 954 360 1037 requies,
374 973 440 1017 non
456 973 592 1016 somnus
606 954 680 1030 erit,
696 954 774 1016 dum
791 953 911 1035 pignus
924 952 1093 1016 udcmtum

120 1056 312 1135 Inveniam3
336 1055 460 1136 gremio
475 1056 631 1136 quumvis
646 1062 815 1136 mergatur
830 1055 969 1120 Hiberes

118 1157 280 1240 Tethyos,
296 1163 329 1220 et
342 1158 440 1219 rubro
451 1155 565 1238 jaceat
577 1156 702 1219 vallata
718 1155 898 1237 profundo.
1159 1154 1226 1220 320

121 1259 201 1325 Non
217 1258 326 1321 Rheni
343 1256 480 1336 glucies
495 1275 561 1319 uon
576 1275 628 1319 me
643 1255 793 1338 Rhipaea
809 1259 966 1322 tenebunt

121 1360 277 1442 Frigora:
299 1377 366 1421 non
381 1356 483 1421 dubio
499 1356 608 1440 Syrtis
622 1357 832 1421 cunctabitur
848 1365 944 1422 aestu.

121 1461 194 1526 Stat
208 1462 289 1525 fines
303 1465 474 1542 penetrare
489 1458 522 1522 N
525 1460 582 1536 uti,
596 1459 782 1542 Boreaeque
796 1460 944 1524 nivalem

120 1654 176 1717 geri
194 1659 263 1715 utque
282 1649 367 1701 sileri?
396 1653 444 1701 Hei
456 1653 514 1700 mihi
521 1653 533 1701 !
559 1653 645 1700 Cureti
655 1652 758 1700 abeunt.-
777 1653 842 1713 quid,
863 1667 879 1700 a
893 1652 973 1700 Ceres
995 1651 1116 1714 decepta,
1127 1666 1232 1702 restauret

121 1715 227 1768 mutius?
263 1719 317 1765 Nou
327 1717 496 1765 aniruariserts's
509 1721 589 1778 aperte
600 1718 761 1778 conspirantes
773 1712 856 1765 Dens?
892 1717 942 1764 Cur
951 1730 1002 1764 uun
1013 1716 1144 1776 investigas
1154 1717 1231 1778 potius

115 1783 197 1847 fitium
209 1783 234 1829 in
246 1786 341 1830 terrast
352 1778 433 1830 nuri?
466 1781 561 1830 Parata
571 1781 689 1841 testigare
701 1779 764 1828 Setis
773 1781 885 1828 amitas:
901 1780 939 1828 ibo
949 1780 1110 1840 infatigabilis
1118 1794 1164 1842 per
1174 1782 1231 1830 lucu

122 1847 204 1895 mutii
215 1848 281 1893 auia:
297 1847 359 1894 uuila
368 1850 481 1892 manento
490 1847 622 1906 quiescam:
637 1861 683 1893 uer
693 1845 767 1894 etium
775 1845 833 1903 erit,
851 1859 896 1893 aaa
904 1859 980 1907 aspar,
998 1846 1064 1891 meda
1074 1843 1231 1908 reperianfl·

122 1910 181 1959 bau
191 1914 310 1970 ereptam.-
325 1909 380 1957 licet
391 1909 517 1970 sepeliatur
528 1911 581 1956 sinu
592 1909 666 1956 maris
677 1909 776 1967 acddsi,
787 1909 898 1967 etjuesat
908 1914 973 1970 septa
984 1909 1046 1956 rnart'
1057 1908 1136 1955 rubra.
1172 1909 1233 1959 Gelu

123 1973 204 2023 Rheni
221 1987 267 2021 neu
285 1972 416 2021 retardabit
434 1987 479 2033 ste,
496 1987 543 2020 aaa
556 1973 646 2031 glacies
666 1971 762 2032 Riphoei
782 1973 885 2022 montis:
901 1989 948 2022 aurs
959 1972 1039 2035 Syrtis
1049 1971 1182 2021 morabitur
1189 1985 1231 2021 me

115 2036 197 2101 fluctu
213 2037 319 2098 ancipiti.
352 2035 476 2085 Statutum
493 2042 527 2085 est
538 2040 605 2086 adire
623 2042 734 2084 termines
744 2036 836 2098 Austri,
858 2042 882 2085 et
899 2037 1002 2085 serutari
1018 2038 1096 2085 sedem
1110 2036 1231 2096 frigidam

122 2247 198 2296 Voss.
211 2253 238 2294 et
250 2260 300 2293 nno
319 2245 490 2293 Heius—813
507 2246 563 2295 Heu
575 2246 634 2293 mihi
645 2247 705 2295 Vnt.
719 2260 770 2294 sec.
782 2247 845 2296 Juu.
862 2261 914 2295 src.
931 2245 1045 2294 chartac.
1058 2245 1152 2294 Heius.
1182 2243 1231 2292 Her·

125 2311 191 2372 Reg.
209 2311 301 2358 Petuv.
321 2324 361 2370 pr.
373 2310 436 2357 Var.
447 2309 500 2356 LL.
521 2324 535 2356 e
551 2324 632 2370 marg.
650 2311 820 2358 Pam-sis
838 2326 894 2358 sum
904 2311 963 2358 tear
975 2311 1035 2358 Vst.
1048 2324 1087 2370 pr.
1103 2309 1165 2358 Juu.
1178 2322 1231 2358 sec.

124 2373 216 2423 Ambr.
230 2380 291 2421 tert.
304 2373 355 2420 duo
365 2373 438 2419 Voss.
454 2374 526 2420 sentit
537 2375 599 2421 Vat.
607 2388 659 2422 sec.
676 2377 752 2422 cernis
761 2374 821 2423 Jun.
834 2378 967 2424 sec-815
987 2374 1051 2428 Quin
1062 2378 1143 2420 autam
1152 2373 1231 2432 patius

124 2439 200 2485 Voss.
213 2452 250 2498 pr.
267 2441 333 2484 terra
342 2437 470 2497 pelagoque
481 2435 516 2482 id.
529 2435 603 2484 Voss.
615 2452 654 2498 pr.
673 2440 780 2500 requiras
790 2435 880 2486 Ambr.
891 2445 953 2486 tert.
965 2439 1039 2484 Voss.
1053 2438 1231 2497 pr.-3161us-

124 2506 190 2549 trare
204 2500 298 2559 fretum
319 2498 407 2546 Ambr.
428 2503 571 2546 reru-31⁷
589 2500 716 2558 Indeserta
737 2502 810 2548 Voss.
831 2517 883 2549 sec.
910 2501 1025 2549 celabitur
1039 2516 1086 2562 pro
1102 2500 1232 2548 cessabitur

125 2563 217 2613 Ambr.
231 2566 373 2611 tert-318
385 2576 427 2608 uec
435 2577 527 2610 somnus
537 2564 584 2610 erit
593 2564 628 2611 id.
641 2563 732 2613 Ambr.
748 2580 794 2612 recu
803 2566 892 2626 pignus
904 2566 953 2615 inc.
966 2565 1055 2612 Heius.
1071 2570 1163 2626 tempus
1173 2564 1232 2611 Vnt.

145 2632 248 2677 r.-319
265 2627 334 2674 lbera
343 2628 417 2673 Voss.
430 2640 468 2688 pr.
485 2625 656 2686 hyberuuiuu.
669 2642 720 2676 sec.
736 2628 833 2676 hiberus
846 2629 932 2677 Ambr.
944 2633 1086 2677 tert-320
1099 2629 1168 2675 rubea
1180 2627 1231 2674 inc.

154 2692 217 2740 eins.
235 2693 312 2738 uelata
324 2691 438 2739 chartac.
456 2690 546 2738 Heius.
564 2690 606 2739 ed.
628 2692 716 2740 Purra.
736 2700 764 2740 et
774 2693 861 2741 Vicet.
888 2694 976 2741 saltata
988 2691 1048 2740 stu.
1069 2693 1132 2739 Vsr.
1149 2691 1199 2739 LL.
1217 2705 1232 2738 e

125 2770 207 2818 marg.
227 2756 393 2805 Pam-ser
412 2768 501 2802 necrus
519 2755 581 2803 Vnt.
599 2756 681 2819 quint.
706 2757 817 2805 tenebunt
829 2757 870 2805 vel
882 2757 1004 2804 movebunt
1021 2755 1113 2804 Ambr.
1135 2760 1233 2804 tert.-

125 2823 174 2870 322
192 2821 295 2881 Frigora
307 2822 347 2867 vet
358 2821 465 2880 AEquara
476 2819 536 2867 Vnt.
548 2819 630 2881 quint.
658 2836 700 2868 uec
711 2821 781 2869 dubio
791 2822 850 2869 Vat.
862 2836 915 2870 sec.
927 2829 954 2869 et
966 2821 997 2868 Α.
1013 2819 1173 2867 eontunhitur
1185 2833 1233 2881 pru

124 2884 272 2934 cunctabitur
284 2885 349 2946 Reg.
361 2884 454 2931 Petav.
466 2887 589 2944 pru—³23
599 2884 676 2948 fiam
687 2886 746 2933 Vct.
756 2885 838 2948 quint.
851 2893 878 2933 et
889 2884 922 2933 Α.
934 2885 998 2934 Cod.
1012 2884 1155 2933 Burthutin.
1167 2885 1232 2946 Reg.

622 3045 733 3095 NOTAE

157 3162 204 3208 315
233 3158 296 3213 Quin
315 3159 405 3222 potius]
438 3159 555 3206 Praestat
577 3157 655 3207 tilium
696 3159 790 3208 Mardi
801 3161 883 3208 Meka.

126 3242 197 3286 terra
209 3237 326 3298 marique
338 3237 581 3300 perquirere,quam
594 3244 656 3284 tem·
730 3239 776 3284 321
798 3235 888 3297 Rheni]
918 3234 1022 3284 Rhenus
1043 3231 1135 3282 fluvius
1152 3234 1232 3285 notis·

126 3326 173 3376 pus
185 3318 269 3360 terere
281 3312 403 3376 roganda.
698 3311 785 3368 simus,
794 3326 826 3358 ex
836 3308 946 3370 Alpibus
955 3309 1107 3374 scaturiens,
1117 3324 1150 3356 ex
1162 3325 1233 3359 mon·

158 3391 207 3435 316
224 3386 313 3450 Deuia]
341 3388 410 3440 Quia
422 3402 471 3437 non
490 3393 564 3450 patet
573 3402 658 3437 ncces·
699 3392 726 3435 te
734 3387 762 3435 S.
774 3384 910 3444 cothardi,
918 3384 985 3433 uude
996 3390 1023 3433 et
1035 3383 1154 3434 oriuntur
1164 3386 1232 3434 Rho·

126 3477 179 3513 sus.
670 3504 674 3508 .
699 3463 780 3511 dunus
792 3471 819 3511 et
830 3463 945 3510 Ticinus.

158 3542 206 3588 318
225 3539 328 3602 Pignus]
346 3539 516 3603 Filiam,quae
528 3539 588 3588 mihi
600 3545 658 3588 etat
733 3541 845 3605 Riphea]
863 3539 961 3602 Riphaei
974 3544 1073 3586 montes
1094 3553 1109 3585 u
1128 3538 1232 3601 quibus·

127 3615 219 3678 pignus
232 3617 321 3664 amoris
332 3616 414 3664 iovis.
698 3618 757 3667 dum
776 3615 969 3666 confunduntur
980 3629 1039 3662 cum
1054 3612 1180 3674 Alpibus3
1199 3613 1232 3662 ab

158 3694 207 3740 319
224 3691 333 3754 Hiberae]
350 3689 483 3753 Hispane,
494 3706 550 3754 quae
562 3691 658 3740 dicitur
698 3695 754 3743 aliis
765 3693 953 3742 dicunturesse
965 3699 1063 3738 montes
1074 3691 1199 3740 Thracia.

127 3767 261 3817 Hiberiae
272 3769 348 3818 fluvio
360 3769 469 3832 Hibero,
484 3768 554 3817 Ehrc.
732 3774 780 3818 322
792 3767 883 3832 Syrtis]
902 3768 969 3815 Dure
981 3775 1040 3814 sunt
1049 3767 1138 3828 Syrtes
1151 3767 1176 3814 iu
1186 3781 1232 3816 ors

158 3848 207 3895 320
242 3846 352 3911 Tethyos]
384 3846 480 3910 Tethys
508 3853 548 3894 est
563 3852 658 3894 «mater
699 3845 797 3907 Libya,
817 3858 874 3907 quae
898 3842 932 3890 ab
949 3842 1027 3891 maris
1046 3848 1091 3889 aut
1110 3834 1232 3892 defectus

127 3919 305 3983 Nympharum
334 3922 430 3970 maris:
473 3921 583 3969 sumitur
611 3934 657 3983 pru
698 3926 742 3967 aut
754 3920 923 3976 incrementa,
935 3916 1026 3964 dubios
1037 3915 1132 3963 hahent
1145 3923 1234 3981 aestus,

127 3993 200 4044 tussi.
699 3994 785 4057 sieque
799 3992 966 4055 periculosos.

160 4070 242 4118 Rubro
249 4072 375 4138 munnio]
396 4074 465 4122 Muri
483 4073 570 4134 rubro,
588 4069 658 4135 quud
731 4073 779 4119 323
796 4067 864 4131 Stat]
887 4070 1019 4117 statutum
1038 4073 1078 4116 est
1095 4065 1169 4115 adire
1187 4083 1232 4118 ex·

127 4151 170 4196 est
188 4151 216 4196 et
231 4147 301 4198 sinus
311 4148 450 4212 Arabicus,
467 4149 525 4197 Mar
536 4148 564 4197 rit
574 4147 657 4210 Basso,
699 4151 795 4195 tremos
805 4148 904 4194 tractus
915 4143 998 4207 plsgae
1010 4140 1179 4190 Meridisuoes
1231 4135 1236 4145 “
