2700 4702
193 308 281 374 1466
377 324 486 373 noun
508 324 710 374 rurroruu
734 324 774 373 ru
798 324 855 372 cr..
877 323 1019 375 onnon.
1043 325 1110 374 xv.

194 461 360 526 Augurium:
377 461 471 511 ‘Neve
491 468 518 511 te
540 462 636 512 nostrie
658 463 728 512 vitiis
763 464 797 513 ob
820 464 919 515 crimen
940 464 1039 528 inplere
1062 465 1130 516 dicit
1153 466 1292 517 Gildonem.

193 537 309 602 iniquum
322 537 403 586 Ocior
422 539 595 588 uureTollat.'
620 540 710 588 Bortl.
763 539 1197 603 Intelligefratrirliberoscoeror.

227 617 276 662 664
293 613 436 676 Exemplum
446 628 554 677 ecquem
576 615 650 677 luto]
676 616 728 665 Rer
799 614 944 679 limma]
960 615 1004 665 Ob
1015 616 1043 665 id
1052 617 1159 666 minime
1175 620 1295 666 cerneba-

194 696 359 751 perrenota.
394 689 462 737 Vide
482 691 594 747 Livium,
615 692 728 742 Florum.
765 690 872 741 beudur.
889 692 977 740 Bortl.
1288 721 1292 730 ·

194 765 282 814 ormo
300 766 417 814 laniatum
436 767 472 814 eit
493 768 649 817 Claudianus
660 768 729 832 quod
796 774 845 819 262
861 769 933 819 nero
951 770 1058 832 ingenio]
1098 770 1138 820 Ut
1166 771 1295 834 probatum

195 849 287 905 ruptus
307 844 380 906 equis
398 859 445 907 per
464 845 521 894 loca
539 854 623 907 uento,
641 844 729 908 flagris
766 847 864 895 scelere
884 846 909 894 in
932 847 1016 908 ipsum
1045 845 1229 896 Theodosium
1247 847 1297 911 jum

194 923 257 967 onte
279 933 369 969 coesus.
403 919 533 970 Fufetium
556 920 729 982 scribendum,
765 928 976 972 commemorato.
1290 942 1293 947 ·

194 1007 246 1043 non
258 993 393 1059 Sofonium,
401 995 545 1047 docuerunt
557 998 657 1060 pridem
669 997 730 1046 doc·
798 999 944 1049 Discrinine
953 1001 1053 1064 emmo]
1081 1000 1159 1050 Licet
1170 1000 1248 1062 adeo,
1264 999 1296 1048 in·

194 1068 390 1120 tiriri.1dem.
766 1074 833 1138 quit,
853 1088 893 1123 rer
909 1080 1005 1124 nom
1026 1072 1128 1124 inerint
1149 1075 1253 1136 accioae,
1273 1079 1297 1123 nt

227 1146 275 1192 266
291 1144 407 1206 Aptarem
417 1145 520 1195 membro
531 1147 665 1212 quoddgir]
676 1145 730 1210 Ap·
766 1149 851 1198 dubiis
862 1149 936 1200 nobie
947 1150 980 1200 de
992 1149 1045 1200 vito
1053 1150 1180 1214 periculis
1188 1149 1297 1198 eximen-

195 1219 269 1268 toudi
289 1221 398 1270 verbum
420 1221 446 1270 in
466 1222 568 1272 deliciis
587 1223 731 1273 Claudiano
766 1225 924 1290 do,jmnqne
934 1226 984 1276 rub
994 1226 1049 1276 ictu
1065 1226 1133 1276 lethi
1144 1223 1298 1286 conutitutir,

194 1294 271 1344 nori:
300 1295 341 1345 bic
370 1303 458 1346 tamen
482 1305 604 1361 ruptorem
626 1300 730 1348 mallone
765 1300 918 1353 bnmlneont
943 1309 1062 1352 extreme
1088 1300 1190 1363 omnia,
1218 1307 1297 1349 tomen

189 1370 265 1433 'qood
285 1371 399 1420 Rubenii
416 1380 541 1438 excerpto
567 1374 732 1438 confirmant,
767 1377 881 1437 conquir
897 1376 1017 1423 moribus
1036 1378 1108 1422 caluo
1128 1388 1183 1423 non
1199 1375 1297 1436 placeat

195 1452 224 1494 et
235 1446 319 1509 prima
330 1448 422 1498 editio.
456 1449 549 1512 virgil.
566 1452 574 1478 ⁸
586 1450 730 1508 Reprobat·
767 1461 842 1512 qoem
854 1447 974 1496 attulerit
985 1447 1115 1511 proditor.
1133 1449 1227 1499 Bortli.

196 1532 247 1582 que
275 1521 323 1569 viri
345 1523 478 1571 mendacis
492 1523 601 1568 uiscera
622 1518 730 1570 'fullon9
799 1526 847 1571 666
864 1523 983 1586 &opem
991 1525 1077 1589 morte]
1092 1524 1205 1574 Tamdiu
1218 1524 1297 1576 dilato.

194 1591 458 1645 idemdellecloror
474 1582 730 1658 ‘licpmturbljugir
766 1597 852 1659 Licet,
873 1598 964 1662 iuquit,
992 1597 1133 1664 aliquando
1156 1600 1297 1649 necessario

194 1682 245 1718 ceu
266 1667 416 1733 quondam?
456 1669 540 1718 Vetus
559 1670 637 1734 pecto
659 1670 729 1734 opud
767 1680 871 1723 utemur
882 1674 1026 1737 proditore,
1037 1681 1136 1738 tamen,
1156 1675 1298 1739 pulsirmo·

196 1747 360 1809 Ciceronem,
384 1749 492 1798 libror.
524 1749 602 1798 Tusc.
630 1750 729 1800 Quaest.
766 1749 808 1812 lie,
827 1750 886 1799 lucc
906 1757 1023 1813 recepte,
1044 1751 1119 1800 illum
1142 1751 1255 1814 odimus,
1274 1756 1298 1800 et

194 1823 284 1886 ‘Vidi,
304 1824 394 1873 videre
411 1824 480 1887 quod
502 1839 543 1872 me
563 1839 730 1888 posecaeger·
766 1840 850 1888 poenoe
861 1825 940 1874 etiem
952 1825 1094 1875 subdimur.
1112 1825 1190 1877 luem.

197 1916 281 1963 rome,
308 1902 451 1952 Hectorem
472 1903 625 1968 quadrijugo
652 1919 730 1953 curru
798 1899 1000 1964 Surpemmorre
1017 1901 1132 1966 celetem]
1158 1903 1297 1965 Soporem

195 1978 343 2040 raptarier?
367 1984 457 2028 noster
474 1979 520 2028 lib.
541 1993 561 2028 r.
579 1980 606 2027 iu
629 1980 730 2031 stilico.
766 1978 832 2026 mulo
851 1993 908 2027 cum
931 1992 983 2026 iuno
1000 1978 1124 2028 Ambroe.
1143 1984 1172 2028 et
1191 1993 1298 2042 murmuro

195 2055 253 2104 ‘Tu
276 2069 360 2118 neque
392 2069 486 2105 resono
507 2062 597 2118 raptas
630 2057 731 2106 venolio
766 2067 814 2116 pro
832 2068 952 2116 nunquam
969 2068 1028 2104 cum
1049 2055 1138 2117 priore
1154 2055 1230 2105 Leid.
1261 2056 1297 2104 D.

196 2145 275 2181 curru
287 2130 408 2181 Funera!
427 2133 462 2182 D.
476 2133 561 2183 Heius.
767 2129 855 2179 Hono.

228 2212 277 2257 667
295 2209 335 2257 Eo
346 2209 433 2257 iterum
451 2209 539 2271 cobet]
557 2210 626 2259 Nunc
644 2211 731 2260 iterum
799 2208 848 2255 261
865 2206 993 2268 Noricorum
1002 2211 1088 2268 grotm
1099 2207 1159 2270 erit]
1177 2204 1297 2256 Proditor

197 2280 270 2346 prim.
297 2283 385 2332 vatic.
414 2290 442 2332 et
466 2284 552 2346 potior
576 2291 731 2334 ceterorum
767 2279 1172 2344 ipeenuuquampoteritnmeri.

197 2371 266 2419 perr.
287 2358 364 2407 Idem.
800 2355 863 2405 nure
873 2354 978 2418 reperto]
995 2356 1136 2420 Reparnte.
1152 2354 1245 2406 Bortlo

231 2431 328 2494 Calcat]
346 2434 673 2499 RespouuautPriucipir,
689 2437 731 2485 vel
800 2432 949 2481 Dumuomoe
969 2433 1020 2481 loce
1050 2433 1158 2496 reperto]
1192 2431 1298 2496 Gyrnld.

197 2506 295 2555 etDei.
330 2508 422 2571 Calcat,
434 2524 491 2557 cum
503 2511 659 2561 contumelia
670 2526 731 2574 neg·
769 2507 1232 2572 leingrin.etquetnorulii,recepto.
1257 2521 1299 2556 ne·

197 2582 258 2646 tigit
270 2585 453 2647 etproculcot.
471 2586 559 2630 Bortlr.
770 2596 820 2644 que
840 2583 917 2628 aliter
939 2583 1039 2629 diverso
1067 2584 1200 2644 scripturo
1227 2583 1299 2644 prim.

228 2661 278 2707 268
305 2657 366 2705 Pori
383 2661 478 2719 putrem
492 2656 651 2722 fratremque]
678 2659 731 2707 De·
769 2653 906 2703 Vaticani:
934 2655 1004 2719 quod
1024 2663 1128 2704 secutus
1159 2657 1301 2719 Ropluelen·

197 2740 289 2797 ceptor
303 2739 332 2782 et
351 2733 463 2794 delusos,
482 2733 542 2797 quio
553 2734 732 2786 crediderunt.
770 2727 834 2790 gios-
851 2728 914 2777 nihil
925 2734 1022 2779 temere
1032 2736 1139 2780 mutem.
1150 2733 1226 2795 Virg.
1242 2731 1298 2781 AEu.

197 2807 315 2860 Perfidia
331 2808 451 2857 Gildonis
464 2809 669 2873 totobocopere
681 2816 732 2859 tre·
770 2818 809 2855 1v.
821 2819 857 2854 vs·
879 2808 919 2855 ld·
938 2819 954 2853 o
973 2805 1040 2855 fine:
1064 2807 1215 2858 ‘Quaesivit
1235 2807 1297 2856 coelo

197 2882 595 2947 ducitur,cuminfamiageotio.
619 2885 731 2949 Sequen-
769 2881 865 2944 lucem,
893 2881 1068 2945 ingemuitque
1101 2882 1235 2946 reperta:‘
1262 2882 1298 2931 ric

198 2960 236 3010 tio
248 2960 318 3009 clare
330 2960 436 3022 docent,
448 2959 561 3009 Arcadio
580 2960 677 3010 addere
689 2975 733 3011 vo·
769 2955 876 3005 ‘froude
888 2957 1001 3019 reperta’
1024 2958 1093 3007 libro
1114 2972 1133 3007 1.
1155 2958 1182 3006 in
1192 2959 1301 3019 Eutrop.

198 3036 277 3085 luisse
291 3036 429 3085 Gildonem
448 3036 593 3086 detractam
614 3037 730 3086 Honorio
768 3031 833 3080 ‘nec
850 3030 944 3081 fronde
966 3041 1071 3096 reperta
1098 3034 1210 3084 Cautior
1237 3032 1300 3083 erro

200 3117 313 3174 portem.
332 3111 405 3160 Idem.
711 3160 713 3164 ,
769 3105 886 3156 tremitur
909 3108 993 3156 vitare
1013 3107 1116 3157 mariti!
1138 3115 1167 3157 et
1186 3109 1253 3158 libro
1270 3120 1300 3159 ιι.

230 3188 280 3235 266
295 3187 371 3248 Inque
380 3192 445 3235 tuom
453 3186 551 3248 cortem]
563 3188 668 3236 Partem
678 3189 730 3237 Im·
769 3197 806 3234 vr.
827 3187 884 3234 669.
913 3182 977 3234 ‘boc
999 3182 1089 3232 fraude
1110 3184 1236 3246 reperte,'
1251 3195 1301 3232 nou

198 3250 271 3324 perii
286 3260 405 3309 Paterni.
440 3261 482 3309 Ab
501 3261 627 3324 Eutropio
645 3263 730 3311 Eunu·
769 3263 837 3307 orte:
854 3258 1008 3321 exantiquio
1016 3259 1179 3308 membranis.
1196 3258 1301 3321 Statius,

198 3336 342 3387 ebototum
353 3336 401 3384 boc
413 3335 503 3397 fuiree,
514 3342 541 3385 et
552 3337 610 3399 ejus
626 3337 731 3387 instinc·
769 3332 847 3383 Theb.
870 3344 898 3382 x.
927 3333 1045 3382 ‘cubitus
1067 3349 1127 3382 mox
1146 3332 1240 3384 froude
1261 3348 1301 3383 re·

198 3412 379 3463 tullonoridm
390 3410 732 3462 voloirreAfrioaiuterver·
770 3419 846 3473 porto
865 3410 1016 3461 Exclamat!
1034 3411 1171 3461 Tbeb.v1.
1190 3411 1300 3460 ‘fraude

201 3495 259 3539 tere
286 3486 437 3550 Gildonem,
466 3487 580 3550 scriptor
607 3489 732 3538 Zosimus.
770 3491 875 3548 reperta
885 3487 985 3548 Raptus
997 3487 1022 3534 in
1041 3487 1190 3538 excelsum!
1208 3487 1300 3537 dedu·

200 3565 275 3614 Idem.
770 3567 830 3610 taeo.
847 3561 882 3609 D.
895 3561 981 3610 Heius.

229 3645 279 3689 26⁰
298 3640 407 3687 Mercede
426 3637 526 3701 placebit
539 3637 662 3700 Proditio]
689 3638 732 3686 Se·
801 3639 849 3684 265
867 3636 919 3684 Nec
929 3650 971 3684 noo
987 3637 1092 3698 potimur
1101 3637 1248 3686 committere
1258 3637 1301 3687 toli

198 3715 259 3767 ditio
280 3715 354 3778 prim.
374 3715 458 3764 Vetic.
481 3729 527 3777 pro
539 3713 641 3762 diverso
652 3713 732 3775 scrip·
770 3709 824 3760 Hoc
836 3724 910 3771 genoe
920 3711 1029 3773 emptori]
1048 3712 1099 3759 Nec
1110 3727 1149 3759 ooo
1168 3728 1226 3762 cum
1243 3714 1300 3762 Clo·

200 3796 273 3840 turo:
292 3789 419 3854 quomodo
443 3795 469 3838 e't
493 3803 538 3837 sex
561 3788 613 3839 alii.
653 3789 732 3837 Forte
769 3787 875 3836 vorione
886 3786 1001 3835 editione
1016 3788 1153 3837 Bartbiue:
1173 3789 1301 3852 quomodo

198 3864 316 3915 Deditio:
334 3865 371 3913 sic
384 3872 411 3912 ct
423 3870 557 3927 peccatum
569 3861 732 3914 Praefotione
770 3868 830 3911 tert.
850 3862 938 3910 Vatic.
958 3877 1010 3912 sec.
1029 3862 1151 3912 Ambror.
1170 3870 1200 3913 et
1214 3864 1301 3912 Maza·

198 3939 259 3989 libri
279 3954 310 3990 11.
329 3942 355 3990 in
374 3940 536 4001 Eutropium.
554 3939 732 4002 praeccdentia
770 3938 819 3989 rin.
836 3940 909 3988 Idem.

201 4014 364 4066 confirmant.
398 4017 508 4064 Proditio
530 4016 613 4064 miuus
636 4016 676 4063 bic
695 4014 732 4064 fc·
803 4017 854 4064 Nec
872 4031 914 4064 ooo
931 4016 1048 4078 potimur]
1069 4015 1128 4065 Hoc
1140 4023 1193 4078 eet,
1213 4022 1302 4066 nostro

200 4090 362 4154 renda,quia
380 4092 487 4154 proditor
499 4093 576 4154 paulo
595 4102 655 4142 aute
668 4106 731 4156 prae-
769 4090 863 4151 lubitu,
884 4102 1023 4156 nostroque
1043 4107 1147 4142 essenon
1170 4107 1301 4158 nunquam

201 4164 287 4217 cerrit.
304 4167 338 4216 D.
350 4167 435 4217 Hom.
769 4166 941 4228 imperatorio
960 4167 1049 4231 generi
1067 4175 1156 4217 vestro
1173 4184 1231 4218 enm
1249 4183 1302 4218 mo·

181 4276 191 4287 κ
232 4247 280 4296 261
297 4242 472 4308 berlfrctrir]
492 4244 613 4296 Honorii.
645 4245 731 4300 Quem
769 4244 853 4296 culum
872 4243 993 4326 inuretir,
1009 4250 1039 4294 ut
1061 4243 1214 4310 proditioue
1234 4246 1302 4296 ulter
