2700 4702
207 279 310 372 1332‘
382 316 493 367 narn
515 318 718 368 vsnronnnr
742 319 782 368 rs
807 320 865 369 ca.
887 319 1026 368 cusan.
1049 315 1132 368 vrrs.

206 461 265 514 cisti
276 462 386 526 patriam
397 460 506 511 diversis
514 459 635 524 gentihus
643 475 735 521 nuum
806 461 950 510 Hocuabilis
958 465 1012 510 orta
1022 460 1147 524 Nascerir]
1162 448 1301 516 xNobilita-

204 538 313 589 Profuit
324 538 410 588 invitis
428 544 506 602 teque
525 538 647 586 domante
659 535 737 599 capi!
774 542 826 586 teus
833 537 942 587 Houorii
949 537 1045 601 abique
1053 537 1229 600 commendat,
1237 536 1301 600 quod

205 613 250 665 sic
261 613 354 663 scribo.
387 613 487 676 Vulgo:
505 611 629 660 ‘invictis
648 619 674 660 te
692 612 736 661 da·
773 611 899 676 Principe
905 612 960 674 jurn
969 619 1138 676 rerumputre
1147 613 1183 662 sit
1192 616 1300 677 genitias,

207 688 324 739 minante
336 686 411 751 cupi!
445 688 480 736 D.
493 687 580 736 Heius.
774 687 799 735 in
821 687 944 736 invidiam
961 686 1166 736 Arcadiauurum
1185 689 1301 752 partium.

240 763 434 812 Commendamus
454 761 554 824 catena]
588 760 693 823 murce,
714 761 736 810 si
776 763 862 811 Barth.

205 837 317 889 sinehoc
330 838 433 888 vindice
446 837 736 889 fuissentsummum
807 843 854 889 122
871 840 984 902 AEqaaena
994 854 1047 889 cara
1056 838 1192 903 wedale]
1218 841 1302 892 Houo-

205 914 336 978 snpplicio
355 913 561 975 destinabantur,
576 928 621 962 eos
638 912 736 962 foedum
774 913 919 976 rius,simul
930 921 1017 976 nutus,
1027 914 1103 964 simul
1113 930 1174 965 esse
1191 916 1302 980 Impera·

202 989 737 1042 inmodumcateuisoueraricircaestem·
774 991 841 1039 torio
863 989 969 1054 fastigio
981 989 1118 1053 adgnatos,
1128 991 1300 1057 iunctusque;

203 1078 270 1130 pora
280 1065 378 1128 solitos,
390 1067 515 1128 exemplis
528 1064 644 1128 pluribus
657 1064 736 1114 docet
773 1080 820 1115 uec
831 1066 925 1116 dilatus
942 1068 1031 1127 honos,
1050 1065 1153 1115 biennis
1164 1067 1234 1116 enim
1244 1082 1301 1117 non·

204 1140 362 1190 Ammianus.
395 1141 623 1191 sententiantium
642 1140 686 1203 sit,
700 1156 735 1190 ex
772 1140 882 1203 dnm,et
898 1142 994 1192 Consul
1012 1141 1063 1192 fuit
1081 1148 1110 1191 et
1127 1143 1301 1205 Caesenatia

202 1217 297 1266 merito
320 1224 410 1280 captos
432 1232 531 1267 summo
553 1223 581 1266 et
601 1217 736 1266 cruciabili
773 1215 855 1266 Fastis
877 1217 966 1267 videre
981 1225 1030 1267 est.
1065 1219 1193 1282 Maiestas,
1209 1234 1301 1270 summu

132 1349 134 1352 y
201 1293 330 1356 supplicio
359 1292 437 1342 fuisse
466 1293 633 1344 addicendos.
683 1294 735 1342 Eos
773 1290 892 1355 dignitus,
904 1307 953 1342 vox
963 1307 1022 1342 cnm
1033 1294 1174 1357 splendore
1183 1310 1230 1344 sno
1241 1295 1300 1344 nulli

202 1366 347 1416 vindicasse
367 1368 550 1431 Theodosium,
561 1374 588 1419 et
607 1366 735 1430 profuisse
773 1366 817 1415 alii
829 1367 991 1431 linguosam
1002 1367 1168 1418 submittens.
1186 1370 1264 1420 Iam.

202 1441 267 1504 ipsis
279 1447 407 1491 tormenta
418 1444 587 1504 vinculorum,
596 1445 735 1494 miserante
806 1446 851 1491 123
880 1444 997 1506 Coniugia
1015 1444 1097 1507 sortis]
1132 1444 1300 1496 Manifestum

202 1524 342 1581 propterea
352 1517 487 1581 Principe.
521 1519 610 1594 Basti.
773 1525 823 1580 est,
833 1519 902 1583 qnod
921 1518 997 1568 modo
1015 1526 1125 1583 tactum,
1144 1520 1171 1569 in
1182 1522 1299 1574 iuvidiam

207 1592 209 1596 ’
238 1597 286 1643 118
303 1594 449 1655 Magnarum
468 1596 570 1657 largitor
587 1594 668 1660 opum]
691 1595 734 1646 In·
772 1593 1300 1663 Arcadianarnmpartiumhaecdici,qua·

202 1669 275 1733 genti
298 1670 431 1733 Regiaque
453 1670 631 1720 liberalitate.
666 1672 735 1721 Nam
772 1684 829 1718 rnna
857 1669 975 1719 Ducibus
996 1685 1053 1720 cum
1080 1670 1209 1721 infensior
1235 1680 1299 1723 esset

202 1745 321 1809 apprime
345 1746 411 1794 bene
434 1747 540 1796 scivisse
557 1747 735 1811 Theodosium,
771 1743 889 1807 Stilicho,
900 1744 982 1794 nostri
998 1745 1089 1794 unicus
1106 1747 1250 1809 Patronus,
1266 1749 1298 1797 sic

202 1820 265 1885 qnid
287 1821 396 1884 Regiam
424 1830 500 1886 esset,
529 1823 591 1887 quid
613 1823 734 1873 iudicem
771 1818 1136 1883 etiameigratificsrivoluit.
1170 1824 1233 1872 Vox
1243 1825 1298 1872 Cas·

199 1894 317 1946 deceret.
351 1898 450 1947 Natum
460 1898 621 1949 Diocletiani
629 1899 734 1962 scitura,
771 1894 839 1955 lusia
863 1894 1041 1958 ignobiliorem
1068 1895 1133 1947 fucit
1151 1898 1297 1950 Arcadium.

200 1971 418 2021 ‘Liberalitatem
435 1974 545 2037 primam
560 1987 616 2021 esse
633 1972 733 2023 Princi-
771 1970 847 2018 laem.

200 2046 377 2112 pisvirtntem
393 2048 507 2100 debere?
803 2046 901 2096 12112
924 2046 1011 2110 solam]
1044 2048 1158 2099 Exclusa
1182 2049 1298 2112 Arcadio,

232 2124 348 2186 Largitur
358 2126 478 2190 bonorum]
500 2125 620 2175 Pluribus
642 2126 731 2175 Hono.
771 2136 846 2185 quem
866 2128 952 2171 tamen
966 2122 1015 2171 hoc
1025 2123 1129 2175 nomine
1141 2125 1297 2175 commendat

201 2214 244 2249 res
277 2199 397 2250 conferre
425 2201 535 2251 voluisse
562 2202 731 2252 Theodosium
769 2196 899 2260 synesius·
1042 2263 1045 2267 .

201 2289 278 2339 quam
309 2282 462 2339 paterentur
489 2291 576 2325 eorum
602 2277 734 2339 stationes,
803 2272 894 2334 Regia]
920 2271 1014 2321 Aulam
1033 2272 1099 2323 dicit
1114 2274 1188 2338 alibi,
1199 2275 1297 2327 Famili-

119 2341 121 2346 ⁴
200 2350 312 2401 affirmat
334 2352 360 2400 iu
384 2353 439 2414 ejus
458 2353 590 2401 Laudibus
609 2353 733 2403 Pacatus.
772 2363 811 2396 sm
823 2348 1029 2411 imperatorium.
1049 2349 1140 2398 Bastia.

200 2426 242 2476 De
264 2427 315 2476 alio
330 2427 488 2476 uersentur
505 2435 610 2478 noster:
629 2429 734 2477 ‘Mani
804 2430 849 2475 125
868 2428 953 2476 Patrio
970 2427 1082 2478 adolescis
1095 2429 1122 2476 ia
1139 2428 1214 2493 adm]
1242 2428 1297 2479 Non

199 2500 263 2553 ficas
275 2503 368 2565 landis,
379 2504 483 2552 sednon
492 2511 520 2552 et
529 2504 733 2567 prodignsauri!
772 2503 930 2566 adoptativo.
948 2503 1023 2551 Idem.

232 2582 281 2627 119
298 2578 329 2626 Iu
339 2577 432 2640 melias]
461 2579 491 2627 Iu
499 2579 626 2641 meliorem,
638 2585 667 2627 ut
678 2579 722 2627 vul
804 2581 852 2627 120
870 2579 1002 2640 Tuncrum]
1022 2579 1059 2627 Ut
1076 2576 1168 2642 fuerit,
1182 2594 1242 2629 cnm
1252 2592 1296 2629 non

201 2654 385 2719 gulaquimur,
403 2658 499 2703 statum.
532 2655 608 2703 Maro
623 2661 732 2705 contra:
754 2650 852 2700 fueris
878 2650 1027 2715 Augustus:
1057 2653 1130 2702 velat
1164 2652 1295 2706 Arcadias.

198 2727 252 2779 ‘In
270 2731 343 2794 pejus
366 2744 450 2792 ruere,
471 2737 498 2779 et
518 2737 589 2779 retro
611 2730 734 2794 sublapsa
771 2730 845 2778 Idem.

200 2804 295 2855 referri
308 2807 359 2855 Res
369 2805 506 2854 Danaum!
804 2810 850 2855 127
869 2807 984 2854 Insanos
1001 2805 1107 2854 cedidere
1118 2805 1196 2870 num]
1223 2807 1297 2858 Sacra

235 2882 377 2931 Convertere
387 2880 457 2943 sata]
474 2881 575 2943 Regum
586 2894 661 2930 voces
673 2886 733 2930 sunt
771 2881 856 2930 omnia
876 2880 1036 2945 Principum,
1058 2883 1163 2931 'Omnia
1186 2883 1220 2932 ad
1242 2897 1296 2933 nan·

173 2998 176 3008 .
199 2958 293 3021 Leges.
328 2959 363 3006 Ut
385 2959 472 3021 itaque
491 2957 541 3005 Dei
565 2971 615 3005 vox
633 2957 732 3005 caelitus
771 2971 841 3006 seam
859 2971 940 3021 usque
957 2957 1087 3007 inculcata
1105 2959 1296 3010 constitutioni·

198 3032 363 3093 fatamutat;
388 3033 426 3082 sic
449 3033 550 3095 Regum
572 3031 687 3094 Imperia
705 3032 731 3080 iu
770 3033 817 3082 bus
839 3031 1011 3097 posteriorum
1030 3033 1193 3097 Principum.
1226 3035 1296 3084 Sinus

198 3109 287 3171 terris,
304 3110 347 3172 qui
367 3115 426 3157 aurat
437 3108 553 3160 Deorum
566 3106 664 3168 vicarii,
675 3107 731 3156 fata
756 3110 845 3172 sacri,
866 3108 996 3170 susceptio
1015 3107 1191 3172 Augustorum
1204 3110 1296 3163 Paren-

197 3189 299 3233 mntant
323 3183 478 3231 mortalium.
512 3183 625 3229 Pacatus
648 3181 731 3230 Pane·
770 3189 835 3232 tum.
869 3184 970 3232 Recens
987 3183 1296 3234 enimuatusinfanstol-

199 3257 305 3322 gyricor
324 3258 413 3309 ‘Quin
428 3271 484 3319 ego,
504 3258 524 3304 si
543 3254 583 3304 fas
602 3256 731 3321 piumque,
769 3259 882 3320 lebatur,
900 3265 927 3307 et
937 3266 1072 3322 parentam
1084 3260 1219 3310 siunisive
1231 3260 1296 3326 geui-

198 3329 279 3381 sifus
299 3331 427 3380 aestimare
445 3330 595 3379 mortalibus
606 3331 731 3394 coelestia,
770 3332 1012 3397 busimponebutur.
1037 3329 1111 3383 Idem.

198 3405 297 3456 nullam
313 3407 437 3468 majorem
455 3422 511 3456 esse
522 3407 677 3456 crediderim
692 3406 730 3456 fe·
801 3408 933 3472 Hispania]
949 3408 1106 3459 Theodosius
1123 3410 1231 3462 natione
1243 3410 1296 3462 His·

197 3480 334 3545 licilateru,
356 3497 432 3545 qaum
455 3481 548 3532 fecisse
570 3480 681 3546 felicem,
702 3489 730 3533 et
769 3501 861 3550 pausas.
882 3487 956 3535 Idem.

197 3555 373 3606 intercessisse
385 3558 480 3621 inopias
497 3565 525 3615 et
536 3559 676 3607 Fortunam
694 3558 730 3606 vl·
802 3566 850 3612 128
865 3561 988 3622 auriferis
1002 3561 1085 3611 eduxit
1097 3561 1175 3626 opas]
1200 3561 1244 3612 Aa
1254 3561 1297 3613 flu·

198 3631 274 3693 cisse,
296 3638 324 3680 et
347 3631 452 3680 dedisse
474 3631 616 3682 hominihus
636 3645 729 3682 novum
768 3638 839 3686 mina
847 3638 962 3687 Heroum
973 3637 1067 3700 stirpes
1076 3637 1171 3687 referri
1184 3646 1296 3689 notatam

199 3706 312 3759 Fatum?
327 3708 415 3757 Barth.
768 3713 842 3763 nobis
863 3728 951 3776 snpra.
972 3712 1110 3777 Virgilius:
1139 3713 1237 3763 ‘Tune
1257 3714 1297 3762 ille

231 3787 279 3833 120
300 3783 409 3832 Validam
419 3786 501 3832 denoto
513 3783 587 3832 milite
597 3783 679 3847 robur]
697 3784 728 3834 Iu
768 3788 870 3851 AEneas,
887 3803 962 3852 quem
975 3788 1108 3836 Dardanio
1123 3786 1246 3839 Anchisae
1256 3786 1297 3837 Al.

197 3856 378 3906 benevolentia
399 3859 511 3907 Mrlitum
525 3856 632 3906 solidam
643 3858 729 3922 Impe·
767 3877 810 3911 ma
821 3865 908 3912 Venus
920 3862 1028 3926 Phrygii
1039 3863 1143 3926 peperit
1160 3862 1296 3915 Simoentis

197 3933 291 3982 ratoris
301 3936 387 3981 rainu.
406 3935 480 3983 idem,
768 3938 800 3986 ad
811 3938 905 3986 nudam
914 3939 930 3986 i·
946 3938 1019 3986 laem.

230 4010 278 4056 121
306 4008 381 4057 Natis
401 4023 511 4058 mansura
522 4008 599 4074 fides]
630 4009 729 4060 Mansit
800 4017 848 4061 129
865 4012 1298 4080 BosphormJCoustautinoponua·

197 4094 275 4132 saue:
294 4083 613 4155 licetuouiayulgarihas
627 4088 728 4154 pericu·
767 4094 809 4137 tus
823 4088 1105 4151 Honoriua,atnatam.
1123 4091 1203 4141 idem.

798 4164 839 4214 Dc
849 4163 930 4216 basius
939 4166 1018 4249 surgit
1029 4165 1108 4241 ονξεο]
1125 4167 1210 4238 Malo,
1216 4168 1297 4234 W·
