2700 4702
465 316 506 365 su
531 318 710 367 unsruun
735 318 871 370 srs.11.
1135 304 1248 371 1293·

119 462 166 510 nu!
184 455 270 509 stt-in
282 457 381 509 Stilicb.
398 457 652 510 ‘Acceleretdlviss
690 460 813 511 Clandlns
834 475 895 510 sero
916 459 984 524 Imp.
1006 458 1143 523 militibus,
1164 461 1225 526 quis
1246 498 1250 506 .

119 534 226 584 manns?
255 534 386 586 Ceterum
398 536 424 584 iu
434 536 515 600 primo
526 536 652 586 Vaticano
690 548 786 584 uxores
797 535 894 585 babere
912 542 965 584 nots
977 541 1110 599 poterant,
1116 536 1161 600 jus
1173 550 1225 586 sna·

120 623 167 675 pro
175 608 283 660 diversa
293 611 407 661 lectione
413 612 582 661 Dinsnsostnt
589 612 653 676 quie
689 609 798 659 sitorum
810 623 842 658 cx
857 610 915 673 lege
931 608 1047 674 indulsit,
1062 617 1092 661 ut
1103 613 1157 662 Dio
1168 627 1226 678 pro·

118 685 238 748 Μυσοὶ
254 684 531 749 eleganterprotccto:
549 701 653 751 quomo·
692 685 745 735 bst.
764 687 857 734 Clcoen

119 759 151 809 do
168 761 240 824 apud
259 761 353 825 Virgll.
373 763 400 812 in
413 763 520 827 θεοῖς.
537 763 654 815 ‘Omnis
723 764 770 809 ttl
790 761 928 811 Extenden
950 760 1052 825 longos]
1070 763 1133 813 Non
1148 765 1227 815 intem

118 835 171 889 dut
188 835 300 899 :paribus
327 838 440 888 numeris
461 838 578 888 dimensa
602 840 653 888 sia·
690 837 745 885 dere
762 837 828 886 Luc.
848 841 876 885 et
894 836 1068 900 Gyrsldiuns:
1086 837 1165 888 lidesn
1178 854 1226 902 pro

119 909 202 961 rum?
225 917 254 961 et
271 912 360 962 ‘orbis
378 915 457 963 certis
477 915 595 979 partibus
616 914 653 963 di·
690 914 821 976 osnplsrus,
835 912 934 976 jlexm
949 913 1016 979 quod
1037 912 1156 979 praefero.
1190 916 1226 965 D.

117 986 231 1037 mensus’
251 987 321 1051 apud
340 989 460 1044 eundem.
493 991 615 1040 Bartlsins
628 1005 653 1040 e·
692 989 778 1038 lisina.
1215 1014 1218 1021 ·

119 1063 237 1126 mandat,
251 1065 357 1125 Utjssso
367 1069 416 1114 slot
426 1066 521 1129 qunque
532 1067 590 1116 loco.
618 1066 654 1117 D.
724 1068 773 1113 tlt
800 1064 979 1130 insperatoque]
1004 1065 1077 1116 Nihil
1097 1065 1151 1116 talc
1171 1079 1225 1119 rne-¹
1249 1106 1252 1111 ⁴

120 1138 215 1189 Heius.
692 1140 786 1190 ruebat
798 1140 917 1204 Rufinus,
935 1141 1043 1206 qnip'sm
1055 1147 1187 1205 sceptrum
1199 1149 1227 1192 et

152 1217 203 1263 863
221 1213 344 1278 urjssso]
367 1216 431 1268 'l'am
448 1216 592 1267 cortiloca
609 1230 656 1266 sus
694 1230 834 1279 purpuram
844 1216 970 1280 spirabat.
997 1216 1073 1267 Dicit
1083 1215 1228 1267 autemcir·
1254 1258 1256 1263 .

119 1290 656 1355 occupantecsiquispismpraesenssin·
693 1291 847 1353 cuurjecissc
870 1306 928 1341 sese
949 1305 1043 1356 agmen
1063 1290 1181 1355 palpanti
1204 1305 1230 1340 e·

119 1364 197 1427 gulos
214 1364 353 1416 ordinarit.
387 1367 546 1431 Expeditum
566 1368 656 1416 celeri·
693 1368 819 1418 tiamnum
830 1369 925 1418 milites
944 1383 1008 1433 qnos
1024 1369 1128 1418 nomine
1142 1368 1229 1432 singu-

120 1446 205 1489 tatem
214 1444 247 1489 e‘a
257 1441 338 1491 lectio
349 1442 522 1504 commendat,
533 1456 592 1492 cnm
604 1443 657 1491 lsu·
693 1443 732 1491 los
760 1444 943 1508 compellabat.
976 1446 1089 1508 Compsa,
1115 1445 1228 1510 spatium
1254 1491 1257 1496 .

121 1516 155 1564 de
175 1517 281 1567 occulta
294 1518 451 1583 Stilichonis,
469 1519 501 1567 ad
515 1519 592 1582 cujus
610 1533 656 1568 nu·
694 1518 762 1582 quod
780 1534 845 1582 gyro
864 1519 1014 1570 includitur.
1046 1521 1091 1571 Sic
1103 1535 1182 1585 supra
1193 1536 1230 1572 vs.

121 1591 270 1642 tumetium
289 1592 405 1642 absentis
425 1593 598 1644 suosordines
615 1608 657 1642 oc·
695 1597 752 1643 126.
769 1596 900 1658 ‘tutoque
911 1595 1023 1645 includit
1041 1610 1138 1658 psascns
1149 1598 1232 1660 gyro?

122 1669 378 1733 cupabautscilicet.
406 1670 495 1720 Bartlr.
695 1667 755 1729 Hoc
776 1667 832 1717 fieri
855 1668 965 1718 artificio
985 1672 1106 1734 quopiam
1128 1672 1232 1736 Campi·

155 1743 244 1792 Denso
254 1747 304 1792 etot
315 1744 410 1807 pnisotn
421 1744 482 1806 loeo]
506 1744 538 1794 In
558 1745 658 1796 simuls-
684 1745 832 1799 ,doctorum
843 1745 958 1809 quotidie
969 1745 1096 1808 videmus,
1107 1746 1177 1810 qnod
1187 1748 1231 1798 bic
1257 1784 1260 1789 -

123 1820 158 1870 tis
170 1820 233 1869 belli
245 1819 351 1869 ludicris
367 1820 404 1870 ita
421 1820 610 1870 exercebantur
620 1828 658 1884 ty·
696 1822 843 1870 luculenter
855 1820 1021 1871 describitur.
1042 1822 1133 1871 Bortlr.

123 1909 212 1958 rupes,
226 1903 320 1945 utnon
330 1896 410 1959 magis
426 1895 658 1957 lococedere,ant
729 1900 777 1946 374
801 1897 832 1946 ln
850 1912 875 1946 se
895 1897 1029 1961 rennuis]
1057 1898 1154 1949 Quales
1172 1905 1233 1948 sunt

123 1970 265 2020 stationem
285 1970 408 2021 deserere
424 1971 527 2034 liceret,
547 1972 659 2036 quamsi
697 1985 785 2020 omnes
798 1969 888 2021 tormae
901 1972 1030 2036 rotundas,
1049 1987 1107 2022 casm
1124 1973 1232 2023 enimin

125 2062 168 2096 res
181 2062 243 2097 vera
254 2055 384 2110 ageretur.
408 2046 545 2108 Asconius,
555 2055 584 2096 et
594 2047 659 2096 illud
697 2047 793 2096 talibus
805 2062 854 2096 nec
872 2046 929 2095 finis
947 2061 996 2096 nec
1014 2048 1170 2111 principium
1186 2062 1232 2111 ap·
1256 2091 1258 2095 .

123 2137 156 2172 11.
166 2122 344 2173 Catilinsrioe:
360 2123 436 2172 ‘loco
445 2123 490 2172 ille
502 2130 586 2173 motus
596 2127 637 2171 est
644 2127 659 2171 ι’
698 2128 798 2186 pareat,
813 2138 843 2171 ese
851 2138 877 2171 se
888 2123 990 2186 incipere
1001 2129 1029 2171 et
1045 2125 1071 2171 tn
1081 2122 1184 2187 sestniri
1195 2122 1234 2179 di·

125 2199 272 2249 deseruisse
289 2207 377 2248 autem
397 2197 536 2247 stationem
555 2198 582 2246 in
602 2199 659 2247 acie
698 2205 802 2246 cuntur.
831 2199 906 2247 Idem.

127 2275 256 2340 capitale:
269 2272 322 2323 'sed
331 2273 458 2322 notahaec
466 2278 534 2322 sunt.
547 2273 659 2335 Dempst.
730 2277 778 2322 376
798 2275 1001 2339 Cusuopcnlntisn
1012 2276 1234 2330 nonannoeane

143 2354 209 2399 ’366
229 2350 366 2400 Venerando
379 2348 448 2411 prior
457 2348 545 2397 cecide
558 2347 661 2409 mutat]
698 2349 784 2411 ductu]
809 2350 955 2413 Hemicycli
976 2351 1028 2400 dno
1050 2351 1172 2415 utrinque
1191 2366 1235 2402 cc·

125 2425 190 2474 Non
210 2423 272 2487 quia
290 2423 381 2471 Crucis
399 2435 502 2470 sacrssm
520 2422 547 2470 in
564 2421 595 2470 iis
611 2421 661 2484 sig·
699 2424 762 2472 eunt
778 2425 804 2472 in
816 2426 962 2476 absolutum
974 2427 1070 2476 orbem.
1103 2426 1234 2476 Sic‘cor·

125 2514 188 2550 num
201 2505 268 2562 erat,
276 2498 319 2546 vel
336 2497 474 2558 barbarum,
492 2503 522 2546 ut
533 2496 663 2560 interpres
699 2513 750 2547 nua
761 2499 852 2548 Luuae'
870 2501 966 2566 ubique
985 2500 1237 2564 appellanturdimi·

127 2575 264 2625 ctsverius
281 2575 372 2634 voluit,
391 2573 438 2622 sed
455 2588 488 2621 ex
503 2587 574 2622 more
585 2587 662 2637 quern
700 2574 765 2623 diati
777 2575 861 2625 orbes.
895 2577 1235 2638 Locumautensbunc,ubi

125 2651 260 2717 principer
272 2648 437 2698 Exercitibus
454 2649 603 2710 servabant,
613 2650 663 2712 pri·
700 2649 810 2698 Rufinus
821 2650 854 2698 ab
865 2652 984 2700 exercitu
999 2651 1237 2700 circumdatusob·

127 2744 199 2789 mum
212 2736 272 2792 post
282 2734 386 2790 tempus
397 2726 502 2791 aliquod
518 2727 585 2775 risos
596 2727 664 2775 salu·
701 2731 887 2788 truncatusque
914 2731 962 2785 est,
984 2724 1124 2773 Hebdomon
1148 2727 1236 2788 appel·
1339 2730 1346 2742 ⁸

129 2812 199 2866 tare,
217 2817 245 2852 et
263 2817 333 2852 more
345 2809 500 2852 caeterorum
512 2801 664 2851 commili'tb·
701 2799 780 2848 latum
801 2798 879 2848 docet
900 2806 990 2848 auctos·
1012 2799 1135 2848 Chronici
1155 2798 1235 2848 Alex-

129 2895 193 2929 num
205 2880 281 2942 signa
290 2878 417 2928 venerari.
434 2878 524 2927 Bertlr.
702 2877 811 2927 audriui.
845 2878 906 2926 Huc
934 2884 1097 2947 processerat
1126 2875 1237 2925 scelera·

163 2962 212 3007 367
231 2958 280 3014 Qut
293 2955 381 3016 follere
398 2955 592 3017 mauronto]
613 2957 665 3011 Quo
703 2963 744 3005 tus
767 2954 874 3017 Imperii
896 2954 1043 3016 affectator,
1071 2953 1132 3017 quia
1160 2953 1237 3002 inibi·

128 3034 275 3095 Barthins:
298 3032 592 3090 confirmatvaticanus
615 3032 666 3094 pri·
703 3029 761 3078 deus
780 3031 900 3078 coronari
928 3030 1105 3092 Imperatores
1121 3028 1237 3079 Orientis

129 3125 199 3172 snus.
224 3111 263 3159 D.
273 3109 360 3158 Heins.
704 3104 830 3164 solebant,
846 3111 876 3152 ut
896 3104 979 3154 discus
998 3119 1030 3153 ex
1048 3104 1140 3154 eodem
1157 3104 1237 3168 scrip·
1267 3142 1270 3146 .

165 3189 214 3234 669
232 3176 562 3247 Nosns'neqnemqneooeens]
593 3183 667 3233 Vocet
705 3188 770 3232 tore.
797 3183 870 3229 Idem.

131 3263 198 3314 Luc.
210 3260 317 3322 Gyrald.
328 3267 357 3309 et
368 3261 443 3324 prim.
454 3260 574 3309 Vatican.
592 3260 667 3321 Idem.
737 3262 786 3307 376
803 3257 920 3306 immense
930 3256 1018 3306 oiridn
1034 3256 1147 3318 indagine
1155 3257 1238 3320 deos]

166 3335 272 3385 Nomine
282 3349 393 3398 quemque
405 3335 500 3396 norom]
525 3334 669 3396 Imperato·
705 3333 803 3382 Notum
814 3333 876 3397 qssid
895 3333 994 3394 indago.
1027 3333 1106 3381 Retia
1117 3333 1238 3382 nimirum

132 3427 191 3469 rum
211 3425 367 3460 summorum
388 3425 470 3474 more,
491 3410 536 3472 qui
562 3410 669 3460 student
705 3417 751 3458 aut
773 3409 849 3456 lineae
866 3409 959 3473 quibus
979 3407 1044 3456 ferae
1064 3408 1239 3462 includuntur.

132 3480 320 3549 maximope're,
331 3485 486 3548 insigniores
502 3485 612 3533 militum
623 3499 668 3534 no·
707 3486 806 3534 Noster
828 3499 861 3533 ex
881 3486 990 3534 Marone
1011 3484 1141 3547 expressit
1158 3498 1239 3535 suum.

134 3562 301 3623 minencsse,
320 3560 392 3610 facta
410 3560 561 3610 memoriter
579 3575 669 3609 recen·
706 3561 858 3610 AEneid.1v.
884 3561 1112 3623 ‘Dumtrepidsut
1130 3560 1177 3607 ala
1190 3558 1239 3617 sal,-

133 3652 290 3701 sereposse.
322 3637 365 3686 Sic
378 3637 410 3686 de
424 3637 569 3686 Stilichone
580 3643 670 3684 noster
708 3642 801 3699 tusque
812 3636 933 3698 indagine
945 3635 1069 3698 cingunt?
1083 3626 1185 3693 {Porro
1195 3649 1240 3683 no·
1273 3674 1275 3679 ⁴

130 3712 670 3776 lib.11.‘mensaequeadbibes,etnomine
707 3718 744 3774 ta,
752 3711 910 3774 indaginem,
918 3710 1241 3775 inquisitioneuratteutio·
1273 3745 1276 3751 -

118 3803 265 3856 ‚quemque
274 3790 431 3852 Compedes,
439 3789 503 3836 clari
512 3788 559 3836 sub
569 3795 593 3835 te
602 3787 671 3852 quod
707 3801 761 3834 rein
782 3786 928 3847 designare,
947 3800 1022 3848 quam
1045 3783 1241 3846 indagationem
1272 3829 1274 3832 .

135 3864 327 3929 gesseratolirn
339 3862 590 3924 Admonitorfacti.’
627 3863 671 3923 Sic
708 3862 817 3911 crassius
830 3861 946 3910 (licinius.
963 3860 1038 3907 Idem.

134 3940 359 4001 SalustiusdeM.
369 3940 486 3988 Petreio.
512 3939 600 3988 Bortb.
662 3961 664 3965 ·
744 3941 836 3988 l's'rides
847 3940 960 3998 indagine
971 3936 1056 3998 saltus]
1083 3931 1242 4000 sicitaphs.

132 4060 137 4067 .
171 4020 293 4085 Notosque
306 4017 506 4081 putrescente]
530 4016 631 4066 Milites
647 4032 673 4079 a·
702 4017 810 4080 ,lengius
821 4031 854 4063 ex
866 4014 982 4077 vestigiis
995 4013 1162 4076 isingriniani
1172 4014 1243 4064 libri.
1275 4060 1279 4071 ‚

137 4093 194 4159 pud
205 4082 440 4157 Tacitumjneque
455 4092 583 4156 conjugiis
594 4093 674 4142 susci·
704 4093 780 4158 ,tquod
803 4090 1082 4155 ,apanensfiyssld
1104 4092 1193 4146 Vatia.
1208 4097 1244 4141 *et
1277 4137 1280 4146 .

137 4169 253 4236 piendis,
262 4183 348 4245 nepae
358 4168 447 4246 liberis
458 4167 558 4246 dandis
567 4169 675 4232 musti.
711 4168 825 4235 quinque
837 4164 1081 4218 aliisconfirmatur.
1114 4166 1246 4232 Vulgopi.
