2700 4702
467 308 516 357 nn
540 308 900 362 nunnoorunonroo.
1041 294 1047 301 '
1146 280 1234 363 ‘1416

131 437 238 513 negotio
246 447 354 512 colligas
362 462 395 499 ex
404 447 545 500 Ammiano.
579 451 667 500 Possis
734 455 784 501 466
800 452 926 515 Formis]
951 453 1002 505 Qui
1019 469 1090 505 mero
1108 456 1233 520 empulae

129 527 256 576 etlaesam
266 526 416 577 virilitatem
424 526 581 590 intelligere,
591 543 666 593 quem
703 527 832 591 imperare
851 531 925 579 sneti.
963 531 1122 580 Theodosius
1140 530 1235 583 866161·

130 601 249 651 morbum
261 601 461 653 dicuntl’oiitn.
477 604 567 653 Barth.
703 605 775 666 Dux,
803 606 871 669 apud
893 604 1066 669 Ammiannm,
1087 607 1131 658 lib.
1151 614 1232 663 xm.

126 708 131 712 -
161 681 213 726 448
231 679 347 742 ctorem]
359 680 664 731 Ultimaloxnsetebrie·
700 680 816 728 ‘Cornea
833 681 1008 730 Valentiniani
1026 697 1082 731 sum
1101 682 1134 731 ad
1146 682 1234 747 oppri-

128 755 193 804 tatis
206 755 304 804 deliria.
322 755 399 806 Idem.
701 757 821 806 mendum
831 758 970 806 Latronem
979 757 1113 808 feruerenm
1123 756 1233 811 missus.²

161 833 213 880 450
231 831 401 893 Quaaoigilat,
416 832 501 882 Veneri
511 835 600 897 noctes]
617 833 662 882 Vi·
701 832 773 882 Idera.

126 904 661 972 rofortietcordatoingrnsopprobrium
732 913 780 958 467
811 911 939 974 Falernoque
961 911 1085 974 Tonantis]
1116 911 1232 963 Similem

123 984 221 1031 noctes
242 982 302 1032 nino
322 989 351 1033 et
372 983 475 1034 Venere
499 985 661 1049 perduxisse.
700 983 852 1036 felicitatem
872 987 898 1035 iu
910 986 1231 1052 AngorioAquilaebabes

126 1057 204 1108 Ideen.
700 1062 768 1124 apud
781 1063 1232 1127 CiceronemqnisuosipsoexMa·

125 1150 128 1154 ·
161 1138 210 1184 451
230 1136 297 1184 Mori
306 1136 662 1200 sotius,oitoequomserrepa-
700 1137 739 1184 rio
760 1152 848 1187 versus
870 1139 1000 1204 producit,
1020 1154 1039 1189 1.
1060 1140 1092 1189 da
1112 1139 1230 1190 Dirinat.

126 1212 220 1274 dorem]
239 1213 323 1262 Nemo
335 1224 386 1261 tam
395 1213 608 1276 misernttnrpia
618 1213 662 1262 bo·
701 1212 776 1262 Idem.

125 1287 210 1336 neatis
222 1294 358 1351 proponat.
376 1289 451 1338 idem.
733 1289 865 1352 Fnleasqne
881 1289 997 1354 tonantia]
1013 1292 1062 1341 Vel
1081 1292 1141 1342 binc
1158 1292 1231 1343 oolli-

132 1388 135 1393 -
159 1368 210 1414 451
229 1366 294 1415 Nom
304 1365 366 1429 quer]
383 1365 503 1429 Abrupta
514 1366 608 1427 oratio,
625 1367 663 1415 in·
701 1379 763 1427 gere
775 1366 831 1429 qais
844 1374 940 1429 posset,
951 1368 1088 1417 verborum
1099 1369 1161 1417 satis
1174 1382 1232 1432 pro·

126 1440 286 1504 dignationis
297 1443 433 1506 repentino
444 1443 554 1492 obortae.
572 1443 645 1493 Idem.
700 1441 784 1503 prium
797 1441 877 1491 fnisse
889 1450 1002 1493 nostrum
1013 1460 1019 1492 z
1038 1451 1161 1494 ceterum
1172 1444 1230 1494 baec
1316 1494 1319 1499 ,

159 1520 208 1566 456
236 1518 341 1582 Illyricis
359 1521 461 1583 domnis]
488 1518 530 1568 Ab
547 1518 661 1568 Alarico.
699 1517 866 1579 comparatio,
882 1520 922 1566 vel
933 1534 967 1567 ex
977 1519 1086 1568 Homeri
1098 1518 1174 1569 Iliad.
1194 1525 1228 1568 ll.

121 1590 224 1663 11661ιί
243 1595 344 1658 tyranni
362 1595 522 1659 potissimum
538 1594 570 1642 ab
588 1594 661 1643 obitu
699 1593 740 1640 vel
752 1606 785 1640 ex
795 1593 905 1654 Virgilio
916 1594 1055 1657 desumpta
1065 1600 1114 1644 est.
1135 1595 1230 1644 Delrt'o.

120 1671 264 1720 Theodosii
275 1686 329 1720 rem
345 1673 487 1721 Romanam
504 1668 660 1734 afflixerant,
730 1672 779 1716 468
795 1668 954 1730 Adliqaidom
961 1669 1073 1731 aetbrom]
1090 1669 1128 1718 Ab
1138 1669 1230 1732 liquido

125 1745 208 1796 Gildo
220 1753 247 1796 et
259 1745 387 1795 Alaricns.
406 1746 480 1795 Idem.
697 1745 774 1793 aetlsro
786 1746 904 1794 undecim
915 1746 1011 1794 nostri:
1029 1754 1059 1794 nt
1069 1746 1146 1795 Cous.
1154 1738 1229 1810 Mon·v
1248 1754 1250 1758 '

159 1827 208 1871 454
225 1822 283 1885 Jas]
302 1822 450 1885 Imperium.
472 1822 547 1886 Saepe
556 1822 593 1871 sic
604 1836 660 1871 nos·
696 1822 741 1870 lii:
759 1822 841 1870 ‘Cum
861 1823 946 1871 subito
965 1822 1063 1885 liquida
1081 1827 1228 1871 cessantem

124 1903 177 1947 ter.
194 1898 270 1948 Idem.
697 1898 764 1947 vidit
779 1897 811 1946 ab
831 1898 912 1946 aetbra
923 1897 940 1945 :'
962 1897 1055 1946 alludit
1072 1903 1100 1945 et
1115 1897 1228 1945 llotten·

123 1993 127 1998 ¹
157 1974 321 2036 JusLotium]
339 1974 431 2024 Omnis
440 1975 602 2039 antiquitatis
614 1989 659 2037 pe·
696 1973 863 2036 dorphianns,
871 1975 956 2036 inquo
964 1972 1153 2034 obliquaretbro:
1168 1986 1229 2021 mox

123 2047 191 2097 ritus
203 2048 340 2112 podismus
350 2064 397 2112 pro
410 2051 523 2112 imperio
535 2057 562 2098 et
572 2056 659 2112 potes·
694 2049 793 2113 pedibas
803 2053 872 2098 eoois
890 2065 941 2099 non
958 2051 1035 2098 carris
1053 2051 1127 2112 prim.
1139 2049 1228 2111 Varie.

122 2129 181 2172 tate
194 2124 291 2187 posuit,
301 2125 369 2189 quod
379 2125 522 2175 Jnriseons.
534 2139 658 2189 perquam
697 2127 790 2190 aliique
807 2127 928 2175 nonnulli.
952 2126 1099 2188 Virgiliana
1118 2126 1228 2174 imitatio

121 2199 254 2249 familiare
265 2207 313 2250 est.
329 2201 423 2250 Delrio.
697 2209 751 2250 est:
780 2203 823 2265 qni
840 2204 960 2251 lEn.x11.
984 2203 1123 2265 ‘Namque
1140 2201 1230 2250 volans

108 2286 125 2338 s
157 2278 207 2324 458
223 2276 323 2338 Pr'oedo]
340 2275 426 2325 Gildo.
443 2276 531 2325 Bortls.
697 2276 776 2325 rubra
786 2277 870 2326 inlvns
881 2278 954 2327 Jovis
965 2278 1018 2325 ales
1034 2276 1067 2324 ab
1079 2277 1163 2325 atbra
1174 2275 1230 2324 Lit-

156 2354 207 2398 459
224 2351 326 2411 Notum]
344 2350 457 2398 Africam
470 2351 627 2400 Australem.
697 2359 784 2402 toreas
803 2353 920 2415 agitabat
936 2367 1005 2414 aves,
1025 2352 1178 2414 turbamque
1188 2365 1229 2398 so·

127 2484 128 2489 ¹
158 2424 330 2488 Insuperobile]
348 2422 375 2472 Sl
394 2423 579 2485 insuperabile,
597 2438 659 2485 (1¹1⁰-
696 2438 801 2479 nantem
814 2431 932 2490 Agminis
944 2430 1050 2491 aligeri:
1069 2428 1157 2477 subito
1168 2441 1228 2497 cnm

121 2502 202 2552 modo
215 2500 290 2549 ruet?
316 2499 343 2548 Si
362 2505 431 2562 ruet,
450 2498 579 2563 quomodo
590 2498 659 2546 insu·
696 2503 781 2564 lapsus
794 2503 825 2551 ad
838 2503 918 2552 undas
928 2505 1045 2568 Cygnum
1054 2505 1228 2553 excellentem

122 2577 260 2643 perabilei
696 2578 803 2639 pedibas
822 2579 891 2640 rapit
908 2579 1141 2641 improbnsunois!
1175 2580 1230 2626 Col·

133 2673 136 2678 ’
158 2655 237 2717 Caput
246 2653 337 2716 reram]
354 2652 441 2714 Caput
452 2649 602 2713 principalis
614 2664 658 2698 cn-
695 2654 780 2702 lectam
795 2668 841 2717 pro
855 2656 993 2716 Correptum
1013 2654 1228 2704 Helmaesladien-

118 2731 267 2794 jusennqne
279 2729 315 2777 rei
327 2729 420 2791 portio,
431 2733 531 2790 aparte
543 2726 658 2789 corporis
695 2729 729 2777 sis
741 2730 835 2793 aliique
848 2730 970 2777 nonnulli.
987 2731 1021 2778 D.
1035 2731 1120 2780 Heme.

122 2805 228 2854 bomani
257 2804 449 2868 gubernatrice,
480 2818 531 2866 qna
560 2803 657 2866 demta,
728 2807 768 2854 Ad
785 2804 910 2867 liquidum]
936 2806 973 2853 Ut
992 2804 1112 2868 Aquilam
1133 2819 1227 2855 sereno

123 2890 233 2932 truncus
249 2889 290 2930 est
305 2882 441 2946 reliq'num.
473 2880 588 2943 Tacitus,
604 2879 659 2930 An·
695 2882 760 2929 ooelo
771 2879 936 2930 descendisse
952 2881 1030 2929 dicat.
1063 2880 1164 2944 Aquilae
1182 2896 1227 2931 an·

121 2959 175 3007 nal.
188 2972 207 3007 1.
232 2959 345 3006 ‘Fixum
356 2958 461 3006 Tiberio
472 2972 524 3006 non
536 2959 657 3007 omittere
695 2957 795 3018 gnrium
806 2956 884 3005 eliam
896 2955 953 3004 aliis
965 2956 1042 3003 rebus
1052 2954 1124 3004 felix.
1136 2956 1227 3006 Bora.

122 3040 205 3098 'eaput
233 3048 329 3096 rernm,
355 3048 439 3097 neque
481 3049 509 3082 ne
539 3036 657 3100 Remqne
726 3036 774 3080 471
793 3031 910 3079 Hositin
924 3031 1094 3094 ungaecopnt]
1119 3032 1226 3095 Signum

120 3110 254 3173 publicam
266 3110 293 3158 in
308 3125 395 3158 casnm
407 3111 487 3160 dare!
503 3111 593 3161 Bortlr.
652 3133 656 3138 ·
695 3107 812 3156 Gildonis
822 3107 979 3155 decollandi.
996 3109 1071 3156 Idem.

154 3191 203 3235 461
226 3188 269 3236 Tot
279 3189 347 3249 Juru,
365 3193 400 3236 tot
417 3187 499 3250 urbes]
513 3189 585 3250 Lege
599 3203 658 3237 rara
726 3187 775 3232 474
792 3184 901 3230 Pendula
917 3183 987 3245 bellu]
1015 3185 1056 3232 De
1074 3183 1144 3232 bello
1165 3198 1226 3232 cum

120 3277 183 3312 cnm
202 3263 277 3325 prim.
289 3263 376 3311 Vatic.
393 3263 499 3327 altisque
510 3265 656 3313 nonnullis
695 3260 853 3323 Pygmaeis„
838 3274 929 3309 urnum
939 3260 1104 3325 Aristotelea,
1115 3259 1227 3312 Animal

119 3336 446 3400 vrdrtJamCl.Bartbins.
464 3339 598 3388 D.Heins.
695 3338 809 3384 111111.
827 3336 901 3383 Idem.

122 3416 205 3461 ··464
221 3413 352 3476 Despectus
370 3413 445 3476 leges]
474 3416 596 3464 Romanae
615 3430 659 3478 ge·
698 3414 774 3460 475
804 3412 932 3475 clangore]
968 3413 1112 3474 Perperam
1134 3378 1228 3476 scripti¹

120 3487 246 3549 iteratim,
267 3505 325 3551 quae
348 3491 469 3552 gentibus
487 3492 602 3540 subactis
618 3507 658 3540 sa·
696 3487 942 3550 pleriqueClomore
975 3487 1043 3536 Stat·
1059 3487 1185 3535 Thebaid
1198 3500 1227 3537 v·

119 3581 191 3615 crae:
211 3565 349 3615 Gildonem
360 3569 399 3615 lus
410 3571 506 3632 spretis
522 3569 658 3633 profanum
695 3564 728 3613 de
751 3565 872 3630 gruibus.
898 3564 970 3612 ι11166
993 3565 1115 3626 clangore
1133 3563 1227 3634 ,sagam

119 3643 188 3692 dicit
199 3657 238 3707 ¹vr.
251 3644 327 3693 Cous.
340 3645 409 3694 1166.
421 3659 458 3694 vs.
470 3649 527 3694 tos.
695 3641 821 3690 Umbram
839 3639 913 3688 fretis
930 3639 1048 3704 arvisque
1066 3640 1156 3688 volant
1165 3638 1181 3690 ε’
1199 3644 1228 3688 et

121 3739 127 3749 ·
154 3724 203 3768 465
224 3720 659 3786 Tertiojrimcerotx1n1ximnset
694 3718 837 3767 Thebxrr.
856 3718 889 3767 de
908 3717 1014 3766 iisdem:
1040 3718 1134 3766 ‘Tune
1152 3717 1228 3766 hilari

120 3796 257 3858 Eugenins
278 3811 294 3845 a
313 3796 413 3848 victore
422 3799 566 3848 Theodosio
577 3800 660 3849 carni·
695 3797 815 3857 clangore
837 3793 955 3843 sonant:'
983 3793 1053 3857 apud
1081 3793 1228 3843 Homerum
1308 3840 1313 3847 ,

118 3870 168 3920 fici
181 3872 282 3921 traditi.
695 3886 797 3936 qnoque
806 3872 833 3919 in
842 3871 916 3919 simili
926 3870 1119 3932 comparatione
1127 3868 1227 3932 enam

121 3954 130 3967 '
154 3947 269 4010 Rotetm]
295 3947 337 3999 Ad
349 3949 511 4000 celeritatem
522 3949 657 4000 abscissio·
694 3945 916 4011 qeprlooalliads.
949 3947 1031 3995 Extat
1047 3953 1074 3996 et
1084 3946 1148 3996 baec·
1157 3961 1228 3998 com·

116 4023 169 4072 nis.
198 4025 320 4074 Secundo
332 4027 442 4088 Eutrop.
458 4026 466 4052 ⁸
478 4027 607 4092 matrique
618 4042 658 4075 ro·
695 4024 796 4086 paratio
808 4023 875 4085 apud
888 4023 1002 4086 Oppian.
1015 4023 1091 4072 libr.
1109 4022 1228 4075 Halieut.

119 4104 206 4148 tatum
218 4098 386 4164 Conspexere
405 4100 503 4165 capnt!
536 4103 578 4152 De
590 4104 658 4153 Pon·
695 4105 723 4149 et
733 4100 874 4161 Lucanum,
886 4099 931 4147 lib'.
943 4112 969 4148 v.
988 4104 1016 4147 et
1026 4099 1083 4148 Vel.
1094 4099 1226 4161 Flaccum,

118 4174 385 4227 tlreoa'Maenadibns
396 4184 523 4242 peremto.
546 4178 649 4228 Burri..
694 4176 739 4229 lib.
749 4188 793 4229 ιιι.
804 4174 849 4227 ubl
875 4175 963 4227 Aretes
973 4176 1173 4241 repatriarem
1184 4190 1230 4228 re·
