2700 4702
195 311 282 379 1158
499 327 572 375 aa.
595 322 809 374 aasuorsur
835 321 988 398 axxvrr.

647 681 860 757 Lxxvss.

253 943 307 1007 27.
351 939 407 1005 IN
429 935 659 1005 JACOBUM
683 933 980 1000 MAGISTRUM
1003 931 1240 1025 EQUITUM.

200 1124 283 1191 Pan
299 1123 429 1188 eineres
442 1121 552 1198 Pauli,
566 1141 625 1204 per
637 1121 713 1185 cani
725 1120 843 1184 limina
857 1119 960 1198 Petri,

245 1225 301 1292 Ne
315 1226 443 1290 laceres
458 1243 589 1303 versae,
604 1224 674 1288 dux
691 1224 828 1300 Iacobo,
844 1240 948 1286 meos.
969 1234 972 1239 ’

202 1327 260 1392 Sic
275 1333 333 1392 tua
348 1348 408 1410 pro
424 1323 544 1412 cly'peo
559 1333 718 1391 sustentet
732 1333 870 1410 pectora
884 1324 1045 1400 Thomas,

246 1428 290 1493 Et
304 1449 415 1493 comes
430 1430 474 1493 ad
490 1430 613 1492 bellum
627 1429 899 1492 'Bartholomaeus
913 1431 978 1490 eat.

204 1529 262 1596 Sic
277 1550 341 1614 ope
356 1530 551 1595 Sanctorum
568 1550 633 1594 non
647 1531 810 1595 barbarus
825 1531 929 1592 irruat
944 1525 1073 1610 Alpest
1280 1524 1296 1587 5

247 1631 306 1697 Sic
319 1633 380 1695 tihi
395 1634 452 1696 det
466 1632 553 1695 vires
568 1638 684 1696 sancta
699 1631 852 1695 Susanna
866 1648 946 1694 suus
960 1650 968 1693 ε

206 1733 265 1799 Sic
280 1735 481 1818 quicumque
493 1733 589 1796 ferox
605 1732 752 1814 gelidum
767 1731 948 1795 tranaverit
963 1728 1128 1807 Histrum,

249 1834 440 1918 Mergatur3
461 1836 616 1899 volucres
632 1854 698 1898 ceu
712 1832 899 1899 Pharaonis
914 1832 994 1916 equi
1007 1853 1016 1897 ι

240 2029 297 2082 Oro
309 2034 346 2091 te,
362 2030 456 2078 Ductor
475 2028 572 2090 daeohe,
585 2044 629 2092 per
639 2029 729 2079 eineres
739 2028 820 2088 Paeti,
835 2043 879 2091 per
896 2029 1007 2092 tempium
1023 2027 1095 2078 Petri
1113 2028 1178 2090 east,
1196 2043 1226 2079 rte
1242 2027 1306 2077 huia

207 2095 388 2147 mirrea.-
404 2096 439 2142 tie
453 2094 553 2143 Thomas
572 2096 687 2144 sustineat
704 2109 749 2157 pro
766 2098 832 2142 eruto
848 2098 931 2156 pertus
945 2099 1020 2160 tuum,
1036 2098 1061 2143 et
1072 2093 1260 2142 Bartholomaeus
1276 2107 1305 2141 co

205 2160 306 2213 nuum
316 2164 343 2208 te
352 2161 382 2210 ad
392 2158 482 2208 heitom.
516 2159 557 2207 Sir
567 2160 673 2209 Barbari
684 2175 729 2208 uon
741 2159 874 2220 irrumpant
886 2158 958 2220 Alpes
973 2158 1039 2220 puisi
1053 2158 1145 2217 auritio
1157 2157 1307 2221 Sauctorumr

204 2225 240 2271 sie
250 2229 332 2272 saneta
343 2223 453 2271 Susanna
469 2224 542 2272 addat
561 2224 606 2271 tihi
625 2226 685 2273 eirea
703 2238 764 2273 suas.
799 2223 840 2271 Sic
850 2223 985 2285 quicumque
1004 2222 1084 2273 hostis
1101 2227 1177 2275 droa
1196 2221 1308 2282 trajecerit

187 2287 346 2356 ¹Dormitum
358 2286 490 2348 frigidum,
515 2287 692 2350 submergatur,
707 2288 898 2351 quemadmodum
916 2287 970 2350 equi
987 2287 1073 2336 celeres
1091 2286 1227 2335 Pharaonis
1240 2285 1309 2334 mersi

675 2432 748 2451 ⁴000}
751 2432 823 2451 nen
826 2432 854 2450 ΙΙ

241 2525 275 2575 Iu
287 2531 341 2574 ret.
351 2522 416 2575 Coti.
427 2524 534 2577 Daniel.
546 2532 574 2576 et
586 2527 672 2577 Oxou.
683 2543 734 2578 sec.
750 2527 903 2578 inscribitur
926 2529 956 2578 In
967 2528 1083 2578 Jocohum
1095 2529 1244 2592 Magistrum
1254 2528 1314 2591 equi·

210 2595 271 2640 tum.
302 2589 336 2639 In
347 2590 412 2640 Exe.
424 2591 491 2639 Laeti
501 2598 558 2641 erat
576 2595 615 2640 Ad
627 2591 740 2641 ducatum
751 2594 896 2654 Magistrum
907 2593 1019 2656 equitum.
1051 2592 1093 2645 Aa
1101 2594 1219 2643 Jaeohum
1226 2594 1315 2642 Ducem

210 2654 291 2707 habet
299 2655 396 2703 Thoan.
407 2662 434 2705 et
444 2656 541 2704 Moret.
555 2671 593 2719 pr.
610 2659 640 2708 In
650 2658 765 2707 daonium
774 2659 922 2719 Magistrum
932 2659 1042 2707 Militum
1050 2656 1158 2709 exhibet
1167 2659 1217 2706 iuc.
1229 2658 1316 2707 Heius.

208 2716 245 2769 In
256 2718 360 2782 reliquis
372 2719 446 2767 deest
455 2720 599 2782 inscriptio.

244 2788 258 2832 1
284 2784 334 2833 Per
344 2784 433 2832 eineres
445 2784 624 2833 Petri...timina
636 2785 710 2833 Parti
728 2786 785 2834 Pal.
798 2784 851 2833 dno
862 2785 934 2834 Med.
949 2786 1011 2836 Put.
1023 2785 1123 2836 Busiid.
1135 2787 1198 2834 Var.
1213 2786 1266 2834 LL.
1278 2783 1317 2834 ed.

212 2846 295 2899 Autv.
318 2849 372 2896 caui
382 2849 443 2897 Vat.
457 2863 496 2909 pr.
510 2848 599 2898 Anthr.
616 2864 656 2912 pr.
668 2849 812 2898 Bartholin.
837 2851 914 2899 saneti
926 2856 1036 2913 quatuor
1047 2850 1121 2900 Vatt.
1132 2851 1190 2898 Pei.
1204 2851 1319 2898 Florent.

211 2919 265 2962 tres
276 2913 350 2962 Med.
362 2915 413 2960 inc.
427 2912 518 2961 Heius.
539 2913 601 2962 Pnt.
614 2913 665 2962 duo
678 2915 771 2962 Peter.
784 2914 885 2962 Bouou.
904 2913 996 2963 Ambr.
1015 2921 1074 2964 tert.
1086 2915 1184 2964 Moret.
1197 2929 1236 2978 pr.
1256 2913 1319 2963 Cod.

211 2976 304 3089 Esigr.
314 2975 406 3025 Amhr.
419 2979 482 3025 Eue.
492 2977 586 3026 Peter.
598 2986 683 3041 quart.
695 2980 760 3026 Exc.
774 2979 882 3028 Lucens.
893 2993 933 3040 pr.
945 2979 1007 3027 Var.
1019 2979 1069 3028 LL.
1077 2982 1186 3039 e'urarq.
1198 2980 1285 3028 Parra.
1294 2985 1320 3026 et

213 3055 229 3090 e
250 3074 256 3089 .
270 3041 346 3089 Antv.
362 3041 451 3088 lumina
463 3040 536 3088 Med,
549 3055 588 3104 pr.
598 3043 659 3089 Put.
672 3043 759 3090 Oxou.
772 3046 872 3091 see-³
887 3058 931 3105 per
941 3045 1046 3106 elypeum
1055 3042 1119 3093 cod.
1129 3044 1222 3105 Epigr.
1231 3042 1321 3092 Amba.

214 3103 326 3165 &sardot
339 3105 397 3154 Vat.
410 3119 447 3167 pr,
459 3104 550 3153 Amhr.
563 3120 603 3169 pr.
619 3112 735 3155 sustentet
747 3107 861 3155 Floreat.
878 3121 936 3154 cnm
949 3107 1095 3156 octodecim
1107 3108 1175 3168 aliis,
1193 3109 1260 3158 Exn.
1274 3107 1321 3156 Lu·

214 3182 286 3219 cens.
316 3183 336 3218 r.
348 3169 442 3217 Petav.
454 3176 539 3232 quart.
551 3170 612 3218 Var.
625 3172 677 3220 LI..
695 3186 709 3219 e
723 3185 802 3233 marg.
813 3171 899 3219 Parm.
912 3176 939 3219 et
950 3170 992 3221 ed.
1011 3170 1140 3221 Auta—5
1160 3186 1206 3234 pro
1225 3169 1321 3220 Sarme-

214 3246 277 3297 nmt,
308 3233 404 3280 rathodi
416 3234 465 3283 Ms.
475 3242 557 3295 vetus,
577 3235 645 3283 unde
664 3236 774 3284 dudithoe
784 3235 852 3298 conj.
865 3235 955 3285 Barth.
972 3250 1001 3285 ne
1011 3236 1124 3284 barbarus
1134 3237 1187 3298 leg.
1198 3235 1322 3284 Heius.-

215 3298 233 3346 fl
248 3298 383 3347 tuaeMed.
395 3312 448 3345 see.
461 3305 575 3346 ceterum
592 3299 683 3349 deerat
694 3301 742 3349 hoc
754 3299 882 3348 distichon
896 3300 956 3348 Vat.
969 3315 1010 3363 pr.
1022 3306 1050 3349 et
1061 3299 1151 3350 Amhr.
1164 3304 1255 3363 [ra-t
1272 3299 1322 3362 qui·

215 3361 387 3427 cumqueferuu
405 3363 467 3411 Vat.
478 3377 517 3424 pr.
537 3361 626 3413 Amhr.
646 3379 686 3434 pr.
710 3365 850 3413 traruiaem't
861 3365 922 3413 Vat.
934 3379 987 3413 sec.
1012 3367 1172 3413 transnaverit
1183 3363 1258 3413 Med.
1271 3377 1322 3415 seu.

216 3420 282 3477 Ere.
295 3427 403 3476 Lneeus.
415 3431 504 3491 pru-8
530 3429 632 3478 notuerit
643 3444 691 3494 pro
702 3430 804 3478 uolucres
814 3429 856 3498 ed.
869 3429 1009 3478 Peru-9
1032 3428 1144 3494 rumphea
1155 3427 1250 3478 Ambe.
1262 3434 1323 3477 tert.

715 3601 827 3652 NOTAE

251 3711 282 3760 tn
300 3711 426 3776 Jaeohum]
444 3714 503 3764 Hoc
521 3716 689 3780 Epigramma
703 3718 752 3767 iro·
791 3719 852 3766 dum
874 3724 903 3766 tu
925 3716 993 3766 bibis
1019 3714 1134 3780 egregie,
1154 3719 1182 3764 et
1204 3714 1325 3764 convivas

217 3785 293 3838 ιιὶοῶι
303 3788 330 3837 in
338 3789 441 3838 Dneeru
451 3792 626 3843 Christianum
636 3795 751 3858 quidem,
793 3793 905 3842 bibendo
917 3792 1022 3841 occidis.

219 3865 267 3914 ssd
284 3865 399 3916 vinosum
419 3868 556 3931 hominem,
573 3871 752 3934 scriptumest
825 3875 839 3917 5
857 3867 1009 3930 Sanctorum]
1017 3867 1139 3924 numnius
1146 3867 1223 3932 Ῑῡεὶῒ,
1232 3866 1276 3919 &⁴⁶
1283 3882 1325 3932 φᾶ

219 3955 239 3995 a
255 3940 341 3992 Poeta
362 3942 479 4007 Pugnae,
501 3944 627 3994 irridente
647 3949 753 3998 Sancto·
792 3946 911 3993 Judithae.

221 4029 278 4067 nra
296 4018 323 4066 in
342 4020 420 4069 rehue
433 4021 532 4070 hetlieis
551 4022 754 4084 iroptoratioues.
826 4021 994 4072 semema
1003 4019 1067 4087 equs]
1084 4019 1325 4073 arietantium

223 4088 304 4141 Quasi
321 4092 430 4159 diceret,
446 4095 530 4146 Pareo
546 4097 610 4146 meis
628 4098 755 4162 versibus,
793 4096 820 4148 in
830 4097 895 4149 mati
906 4098 992 4150 rubro.

224 4171 253 4213 et
271 4165 309 4215 sie
326 4167 375 4218 tibi
395 4167 502 4222 faveant
523 4171 607 4224 saneti
626 4172 654 4224 iu
675 4172 754 4236 heito,
