2700 4702
460 319 499 366 ru
526 318 748 368 aurnorruu
773 297 848 370 nra.
871 323 896 370 ι.
1023 334 1025 339 >
1141 309 1228 373 1459

118 470 173 507 nec
186 471 235 520 per
245 457 370 507 somnium
379 459 540 522 cogitaram!
568 434 657 511 aaut.
695 462 769 512 enirn
775 462 887 513 felicitas
899 470 944 514 stit
952 464 1071 528 potentia
1081 479 1132 514 uon
1143 465 1230 515 credit

126 571 129 575 .
158 537 418 600 andaeoootopnti]
439 539 538 587 ‘l'ullins
557 539 583 587 in
602 541 657 589 Ma·
696 555 770 603 posse
782 555 909 604 premere,
921 558 984 606 quos
997 558 1048 592 non
1060 544 1229 606 premit3ne-

119 611 220 660 niliana
231 627 282 659 nou
293 612 369 675 louge
385 612 477 664 afine:
494 616 557 679 ‘qni
569 631 583 664 a
597 615 657 666 Diis
697 632 746 680 que
758 618 880 666 estimari
899 627 989 668 censet
1006 634 1054 682 pro
1072 627 1182 683 potente
1195 620 1228 669 ab

120 687 313 735 immortalibus
325 696 364 737 tot
377 705 406 738 ac
415 697 500 740 tantas
512 707 553 742 res
565 693 659 742 tacitus
695 693 850 757 bominibus,
867 694 917 742 nisi
936 695 1063 744 violenter
1082 702 1171 745 utatur
1183 709 1228 761 po·

121 762 236 810 auderet
246 770 349 826 optare,
369 771 449 828 quot,’
468 771 517 817 818.
549 769 658 817 Terent.
697 774 801 817 testate.

120 837 230 887 Phorm.
241 846 292 889 act.
302 855 327 889 v.
341 856 376 890 se.
389 846 411 890 1.
424 842 492 892 fine:
511 845 584 894 Cnn.
595 845 602 871 ‘
615 844 659 893 Dii
730 846 782 894 Nee
793 846 869 894 bellua
880 846 977 908 tetrior]
1002 845 1180 897 Proverbialis
1195 850 1231 898 lo·

121 921 240 964 vostram
256 914 345 965 fidemt
363 933 440 981 qnam
457 934 528 982 saepe
538 919 607 968 forte
620 927 660 969 te·
697 922 777 971 cutio.
811 922 954 970 Horatius:
973 921 1231 972 ‘Belloamnltorum

121 1005 197 1041 mere
215 993 353 1055 Eveniunt,
364 1009 422 1057 qnae
435 1009 486 1043 non
504 996 600 1044 audeas
615 1010 659 1059 op·
698 1013 725 1046 es
738 998 869 1061 capitum!

122 1067 212 1116 tarel'
237 1068 337 1118 AEneid.
358 1075 433 1119 ιιι.8.
450 1070 537 1135 ‘qnod
558 1071 660 1134 optanti
731 1079 777 1124 184
795 1075 884 1124 Libero
911 1077 969 1124 colia
993 1075 1113 1138 furentis]
1152 1075 1230 1137 Terga

122 1144 215 1192 divnm
242 1146 396 1207 promittere
424 1161 498 1196 nemo
525 1146 661 1196 Auderet?
697 1148 792 1213 Isingr.
809 1156 837 1199 et
848 1150 966 1214 plerique
978 1165 1010 1199 ex
1022 1151 1133 1200 nostris:
1151 1165 1231 1212 vere3

123 1219 186 1268 Val.
207 1220 225 1269 l.
248 1234 275 1269 ιι.
294 1235 319 1268 8.
340 1222 396 1270 6.-‘
407 1223 562 1286 legationem
582 1237 661 1286 supra
697 1224 730 1273 de
748 1225 898 1274 verberibus
917 1225 995 1286 enim,
1015 1239 1065 1274 non
1084 1224 1231 1287 demone,

123 1296 472 1364 votafelicem.'1>empsrer.
697 1299 800 1362 egitur:
827 1299 964 1364 sequentia
993 1299 1154 1351 confirmant.
1197 1301 1232 1351 D.

158 1372 256 1422 Samius
283 1375 394 1437 possunt]
423 1377 494 1425 Unus
524 1375 659 1425 Medicens
699 1374 785 1424 Heius.

123 1462 186 1495 cum
195 1447 332 1498 Pricaeano
341 1456 442 1512 possent.
459 1451 493 1499 D.
507 1451 600 1500 Heius.
732 1455 778 1499 185
797 1450 918 1513 Gemitus]
935 1452 1032 1504 Quales
1044 1451 1093 1514 ipsi
1105 1465 1176 1514 saepe
1188 1464 1231 1500 ex·

159 1527 208 1570 178
226 1522 381 1586 Subpedibns
394 1525 468 1587 leges]
492 1527 559 1574 Sane
578 1526 600 1574 si
619 1541 661 1575 vo·
699 1526 842 1576 tortisunt.
859 1527 948 1575 Bnrtlr.

123 1599 229 1647 lontate
243 1614 288 1647 sua
300 1601 385 1662 potuit
396 1601 542 1663 propellere
554 1602 662 1664 quemli·
732 1605 780 1650 186
798 1601 874 1655 Quem
880 1603 997 1666 subant,
1004 1601 1068 1664 odit]
1084 1603 1233 1652 Generosos

124 1672 174 1722 bet
187 1674 301 1736 impurus
313 1675 408 1737 Spado.
438 1676 574 1724 Restitisse
585 1689 660 1724 cona·
698 1690 761 1725 vero
772 1677 872 1725 animus
884 1676 951 1741 fugit
966 1678 1160 1738 crudelitatem,
1172 1679 1233 1742 quia

125 1748 198 1797 tibus
216 1751 270 1812 ejus
283 1752 364 1799 solum
380 1751 550 1801 Stilichonem
568 1750 663 1800 scribit
699 1752 811 1800 nonsibi
823 1753 897 1814 punit
908 1753 954 1801 seul
966 1753 1076 1815 legibus.
1095 1753 1170 1803 Idem.

126 1829 257 1877 Zosimus.
277 1830 364 1878 Barth.
734 1832 780 1876 187
799 1829 873 1876 Nullo
892 1828 993 1890 pietate]
1021 1828 1135 1877 Pietatis
1154 1842 1231 1877 voca-

162 1907 211 1951 178
226 1905 284 1950 Jnm
304 1905 359 1964 jum
383 1905 516 1954 dissimulat
548 1904 663 1968 dominos]
700 1903 761 1952 bulo
784 1904 865 1953 utitur
887 1904 1054 1967 Claudianus,
1076 1918 1124 1968 pro
1145 1918 1232 1953 amore

127 1977 196 2028 Quae
205 1979 287 2040 prima
296 1980 404 2029 andacia
414 1987 479 2031 erat.
497 1982 662 2031 Libertatem
702 1994 804 2028 snorum
823 1979 962 2028 liberorum
982 1988 1027 2029 ant
1048 1985 1231 2043 cognatorum:

127 2053 197 2102 enim
210 2055 335 2118 principio
346 2071 393 2119 pro
402 2057 512 2106 maxima
521 2071 550 2105 re
561 2056 663 2106 habuis·
700 2068 776 2117 quam
785 2055 822 2102 ait
830 2055 856 2102 in
867 2055 1093 2104 Eunuchonullam
1101 2059 1166 2117 esse,
1174 2071 1233 2106 cum

127 2142 157 2176 se
181 2136 329 2190 portentum
349 2129 423 2193 dicit,
440 2145 516 2195 qnam
536 2138 563 2180 et
580 2131 664 2194 ipsam
702 2129 788 2177 omnia
797 2129 934 2191 agentibus
946 2132 1017 2179 nulla
1027 2137 1114 2179 tamen
1131 2131 1233 2180 soboles

129 2203 287 2265 adepturum
294 2205 350 2266 jam
362 2205 556 2269 desperaverat.
574 2209 664 2256 Domi·
701 2204 801 2265 sperari
813 2204 905 2253 valeat·
923 2205 996 2253 trem.

127 2291 177 2325 nos
187 2279 306 2340 Eutropii
316 2293 347 2327 eo
356 2280 467 2328 Consule
475 2282 559 2331 adhuc
568 2283 664 2330 vixisse
735 2282 783 2328 189
800 2278 941 2342 Animosque
953 2281 1030 2342 tigoni
1041 2283 1158 2331 consortio
1169 2284 1234 2330 dnm·

127 2353 214 2402 videri
226 2355 292 2417 vult,
309 2362 338 2404 ut
358 2356 428 2404 clare
440 2356 593 2419 prefatione
604 2358 664 2407 libri
700 2353 738 2414 ιιι]
755 2353 863 2402 Didonis
885 2354 953 2416 apud
977 2356 1128 2415 Maronem:
1156 2357 1233 2406 ‘Non

128 2442 163 2478 ιι.
182 2430 256 2479 idem.
702 2426 792 2488 ignem
803 2419 863 2478 niati
872 2429 973 2478 miseris
984 2431 1234 2483 succurreredisco.’

163 2506 267 2568 Altaque
287 2510 419 2554 tumescunt
448 2505 550 2555 Sernilss
577 2505 664 2568 animi]
702 2504 777 2552 idem.

129 2583 172 2631 Ex
183 2582 241 2631 imis
252 2598 331 2646 usque
341 2582 460 2632 sordibus
470 2582 532 2643 suis,
540 2596 598 2644 quae
610 2595 665 2630 ser·
736 2583 783 2627 190
801 2579 845 2628 tlte
862 2594 904 2628 nee
921 2580 1042 2641 musclis]
1070 2582 1120 2630 Iste
1141 2580 1234 2644 scripti

129 2657 196 2706 viles
207 2671 264 2706 suas
275 2658 380 2721 injurias
392 2657 472 2706 ulturi
485 2658 511 2704 iu
523 2656 609 2704 omnia
621 2669 665 2704 ex·
703 2653 818 2702 rectius:
836 2652 903 2717 quod
927 2661 1105 2715 contemptum
1128 2669 1181 2716 pua
1205 2669 1234 2704 se

130 2733 202 2782 celsa
224 2747 348 2782 exercere
376 2739 535 2797 potestatem
556 2740 665 2781 conten·
702 2727 763 2780 fert.
795 2729 839 2778 Sic
856 2728 925 2792 Ajax
941 2728 1155 2792 apudOuidium,
1175 2745 1236 2794 quo·

131 2808 208 2856 dunt.
226 2808 300 2857 idem.
704 2805 753 2853 ties
765 2804 797 2853 de
808 2805 901 2866 Ulysse
921 2805 1044 2869 loquitur,
1054 2803 1111 2854 fere
1123 2819 1234 2868 semper.

166 2887 215 2932 178
232 2883 317 2932 Merui
344 2883 475 2948 oonspipae]
496 2885 611 2933 Pacatus
633 2884 666 2933 de
703 2879 738 2930 D.
751 2879 838 2929 Heius.

131 2959 205 3009 Max.
228 2966 355 3022 tyranno:
382 2961 522 3022 ‘Impietas
550 2960 666 3024 fugitivis
736 2957 781 3006 Ille
789 2958 949 3008 neeeuurtrlris
957 2960 1077 3023 placidus]
1092 2961 1158 3010 Erat
1166 2959 1235 3009 enim

130 3035 262 3085 nobilibus
273 3035 434 3097 solitudines,
446 3037 513 3085 bona
525 3028 668 3100 publicata,
704 3031 947 3096 manumissum
964 3040 1073 3095 natura3
1092 3034 1160 3099 quod
1172 3049 1234 3098 quo·

132 3112 221 3174 capita
239 3110 380 3173 deminuta,
400 3112 472 3160 exuti
493 3112 589 3161 trabeis
609 3127 667 3161 con·
704 3107 904 3158 madefecerint
920 3110 1014 3160 collisis
1026 3109 1162 3162 infantium
1180 3125 1238 3174 pro·

132 3187 246 3236 solares!
279 3187 329 3233 Hic
347 3201 410 3235 vero
428 3188 567 3236 Eunuchus
579 3202 668 3238 omnes
704 3185 781 3245 libus,
793 3192 838 3234 aut
849 3200 953 3249 prorsus
965 3187 1044 3235 etiarn
1056 3187 1179 3251 exsectis,
1190 3187 1235 3237 do-

132 3263 242 3326 slicnjus
260 3264 384 3312 momenti
395 3263 539 3324 submovet,
555 3271 584 3313 et
595 3265 668 3330 quasi
704 3266 748 3316 cet
760 3261 857 3311 Paulus
872 3260 1002 3325 AEgineta,
1012 3263 1057 3312 lib.
1067 3277 1106 3313 ιιι.

133 3339 168 3388 de
179 3339 261 3402 gradu
270 3338 378 3402 deJrcrt
394 3353 527 3402 praecipue
539 3354 668 3403 insignem
738 3336 828 3397 Ριιιιι
818 3353 844 3386 ιιι
854 3353 937 3386 nurum
947 3298 1059 3401 AEstnoti
1073 3340 1116 3388 De
1127 3337 1238 3389 avaritia

133 3413 218 3464 virum
240 3427 270 3462 ac
292 3420 425 3461 strennum
451 3414 602 3476 Timasinm,
624 3415 668 3479 qui
704 3412 841 3460 monstrosi
860 3413 1032 3461 semihominis
1052 3401 1236 3476 Zosimus,lib.

134 3503 195 3539 eom
217 3489 342 3537 Pronroto
365 3489 461 3538 Consul
482 3488 569 3539 fuerat
591 3489 668 3540 Anno
705 3501 732 3535 ιι.
744 3487 788 3535 81ιί
805 3488 878 3536 uides
893 3494 976 3535 totum
994 3488 1148 3538 Orientem
1141 3501 1236 3551 rmpnrr

134 3569 192 3618 889.
211 3566 304 3613 Closer.
705 3562 780 3611 unius
790 3564 924 3613 nebulonis
936 3564 1053 3612 avaritias
1071 3564 1236 3615 seruientem.

168 3646 217 3690 189
234 3640 407 3703 Marmaricus]
432 3641 503 3692 Quos
514 3641 541 3690 in
551 3642 668 3692 exsilium
705 3639 795 3688 Bartlt.

135 3723 295 3779 extruserat,
305 3717 333 3765 in
342 3731 373 3765 eo
388 3715 549 3766 interfecisse
560 3718 597 3766 ait
606 3715 670 3768 furi·
728 3718 786 3770 191
804 3715 902 3778 libido]
918 3716 1024 3765 Succisa
1039 3715 1119 3765 libido
1130 3714 1236 3767 fruitur.

136 3806 210 3842 osum
231 3791 395 3853 nebulonem,
418 3807 468 3855 quo
492 3807 586 3855 genere
613 3793 670 3858 ipse
707 3791 1237 3855 Miraloeutlo‚quaenonerat,quiaerat

136 3868 217 3918 etiam
229 3875 323 3931 postea
334 3881 422 3929 peenas
433 3866 515 3915 dedit.
532 3868 621 3918 Bortlr.
708 3870 816 3928 succisa,
835 3870 962 3932 utromodo
975 3875 1079 3930 poterat
1094 3866 1164 3916 frui?
1193 3867 1236 3918 Sic

170 3947 217 3992 181
235 3943 349 4004 Asperius
366 3943 428 3991 nibil
446 3948 481 3991 est
499 3940 594 4008 bamili]
608 3944 671 3994 Sen-
707 3945 800 4008 saepius
811 3944 921 3992 Po'e'tae·
939 3949 966 3992 ut
977 3958 1035 3992 cum
1045 3950 1133 3991 noster
1146 3942 1238 3997 Eutro-

137 4019 223 4070 tentis
234 4020 336 4082 nobilis,
353 4027 381 4067 et
399 4019 507 4068 multum
527 4020 671 4070 celebrata.
709 4022 779 4084 pium
790 4021 951 4080 Eunuchum,
962 4027 989 4067 et
1003 4019 1064 4067 nibil
1081 4018 1156 4066 simul
1168 4031 1237 4081 esse,

136 4099 215 4149 idern.
564 4127 574 4136 -
707 4095 777 4145 infra
798 4101 923 4160 autumat,
938 4095 1040 4143 scilicet
1058 4093 1118 4158 qnia
1139 4099 1238 4158 prester

139 4176 221 4225 ··188
240 4172 274 4224 Ut
291 4188 322 4224 se
332 4188 400 4239 posse
414 4173 512 4240 west]
525 4173 672 4242 insperata
707 4176 804 4224 marem
815 4178 848 4226 et
853 4169 1054 4226 foeminammlnl
1064 4170 1119 4221 ιιι
1140 4169 1237 4222 Libido
