2700 4702
195 286 284 354 1066
554 299 612 352 cu.
633 297 849 349 canoniani
875 298 940 349 xa.

195 447 335 513 Inflexit
348 463 496 522 soceros,
510 447 544 511 et
556 443 730 527 majestate
744 443 886 526 petendiv

238 549 339 612 Texit
352 546 545 632 pauperiem
556 546 699 609 nominis
715 547 833 609 umbra
847 546 906 610 tui.

196 648 288 731 Quid
302 669 368 712 uon
381 647 555 730 perficeret
568 647 747 710 scribentis
758 666 844 710 voce
854 647 988 711 Serenae

237 750 304 816 Vel
317 750 445 816 Genius
459 750 561 831 regni,
576 750 629 814 vel
642 749 779 833 pietatis
794 750 907 813 amorl

193 851 307 937 Atque
319 854 446 916 utinam
459 853 523 916 sub
538 852 613 915 luce
627 852 676 915 tui
694 851 897 932 contingeret
910 850 988 930 oris,

237 953 398 1038 Conjngis
413 959 446 1018 et
459 954 591 1030 cestrie,
603 960 638 1016 et
651 953 737 1016 solio
746 952 867 1034 generi,

194 1055 359 1140 Optatum
370 1057 539 1121 celebrare
553 1056 658 1120 diem!
680 1075 735 1119 me
746 1056 897 1138 jungeret
911 1072 1044 1136 auspex

238 1158 415 1242 Purpura3
437 1178 490 1221 me
503 1163 619 1222 sancto
635 1159 781 1240 cingeret
795 1159 873 1222 aula
888 1158 1011 1221 choro!

193 1352 296 1404 neminie
310 1354 355 1416 tui,
371 1356 492 1416 majeetate
500 1357 610 1419 poscendi
621 1371 668 1419 pro
678 1371 730 1419 me,
742 1359 867 1408 oeenltaeit
875 1359 1038 1420 paupertatem
1048 1367 1139 1403 meum.
1174 1351 1241 1408 Quid
1250 1365 1296 1400 non

193 1420 231 1468 uel
242 1417 335 1468 Genium
345 1420 452 1482 Imperii,
472 1421 508 1468 uel
525 1422 698 1483 amorpietatie
712 1427 838 1484 prestaret
855 1423 949 1469 nomine
968 1419 1064 1468 Serene
1080 1413 1227 1466 eonibentia?
1261 1417 1296 1463 Et

192 1482 286 1530 utinam
299 1485 446 1543 contingeret
455 1484 516 1531 milri
527 1484 643 1534 celebrare
654 1484 752 1543 suuntur
770 1488 867 1547 nuptiae
876 1486 902 1533 in
919 1488 1040 1546 eonepectn
1057 1488 1097 1531 tuo
1112 1482 1223 1540 micante,
1234 1483 1257 1527 et
1269 1479 1295 1527 in

191 1545 279 1594 eretria
288 1547 419 1596 marititui
431 1547 588 1606 Stilichonia,
599 1554 623 1597 et
641 1563 723 1612 prope
742 1550 826 1598 reliam
843 1549 927 1610 generi
945 1549 983 1597 tui
998 1546 1115 1596 lionorii.
1148 1545 1297 1642 Imperetur

189 1614 323 1675 'purpureae
331 1625 423 1675 carpere
437 1611 587 1674 ermengeret
598 1627 644 1676 me,
654 1616 678 1661 et
689 1612 754 1662 Aulo
769 1613 925 1663 cirenonduret
933 1627 970 1662 me
980 1616 1041 1660 eoetu
1052 1608 1192 1659 venerabili.
1214 1612 1237 1657 et
1248 1621 1297 1656 mu-

655 1772 684 1790 00
687 1772 834 1793 namon

191 1903 225 1957 il
239 1901 384 1965 praenitet.
395 1905 457 1952 tert.
482 1916 562 1952 nenne
580 1902 719 1953 itote-tt
739 1905 772 1954 Et
787 1902 864 1966 flexit
879 1903 942 1953 Vnt.
960 1917 1013 1952 nec.
1029 1899 1119 1949 Ambe.
1137 1902 1199 1948 tert
1225 1899 1300 1957 emim

192 1965 291 2016 Monet.
303 1980 343 2028 pr.
368 1966 484 2015 menendi
499 1981 549 2029 pro
567 1967 662 2029 petendi
679 1968 741 2016 Vnt.
759 1973 821 2016 tert.
832 1971 980 2030 m.pr.-tti
994 1964 1098 2014 neminie
1108 1965 1172 2012 unda
1185 1963 1244 2011 Pel.
1261 1961 1299 2011 eui

191 2027 292 2081 Buelid.
307 2029 346 2078 tui
357 2030 470 2078 Florent.
482 2029 555 2080 Med.
566 2045 620 2080 eec.
640 2031 691 2079 inc.
710 2030 801 2079 Helue.
818 2030 880 2080 Pot.
893 2031 995 2080 Thoan.
1014 2029 1113 2077 Bonon.
1133 2028 1185 2075 duo
1203 2027 1298 2074 Peter.

190 2089 342 2142 rlqumbr.
356 2092 420 2149 Cod.
432 2092 523 2156 Epigr.
539 2092 634 2144 Ambr.
652 2095 717 2143 Exc.
737 2094 796 2142 Pet.
815 2109 869 2144 rec.
879 2096 989 2143 Lucem.
1001 2107 1042 2156 pr.
1053 2093 1116 2142 Ver.
1126 2091 1178 2140 [ὡ.
1191 2104 1298 2153 οπως,

190 2152 279 2206 Perm.
289 2155 554 2216 snildqued.—ti
572 2159 641 2214 Quod
660 2173 706 2208 non
716 2157 831 2270 perficiet
849 2158 911 2207 Ver.
931 2153 1093 2284 quertffrplplt.
1101 2154 1300 2342 1³85:qussan

740 2238 779 2271 xc.
814 2237 901 2271 ucens.
913 2236 953 2285 pr.
967 2237 1012 2285 pm
1125 2235 1159 2267 a.

185 2216 281 2280 sereret
288 2221 386 2270 Theon.
413 2221 462 2270 Sed
480 2223 536 2282 qum
550 2237 597 2270 non
613 2221 704 2285 perfert
1231 2280 1233 2287 s

191 2280 394 2334 ExoPatrec.
426 2283 588 2343 refecitPut.
603 2284 766 2348 mffeeitvat.
778 2287 961 2335 tertFlorent.
972 2283 1044 2333 Med.
1057 2297 1111 2332 aec.
1124 2297 1142 2346 p
1180 2284 1226 2331 erit
1237 2282 1299 2333 Vat.

188 2357 243 2396 nec.
257 2347 394 2397 Oieelinc.
404 2300 496 2396 fielne-
506 2349 663 2398 Bonon.rluo
675 2349 769 2398 Peter.
778 2349 829 2398 duo
837 2348 929 2399 Ambr.
939 2347 1038 2397 Buslid.
1050 2348 1147 2396 Moret.
1158 2362 1197 2409 pr.
1210 2346 1299 2396 Onon.

190 2421 244 2459 nec.
255 2410 320 2461 Cod.
332 2410 425 2473 Epigr.
436 2410 526 2460 Ambr.
537 2412 600 2461 Ver.
611 2413 663 2460 Lu.
672 2412 714 2461 ed.
725 2411 807 2462 Antv.
832 2413 933 2476 perfecit
949 2413 991 2461 vel
1004 2412 1128 2477 perficeret
1144 2411 1218 2461 Rott.
1240 2409 1301 2459 ecri-

189 2471 344 2524 ltenteeVar.
356 2475 435 2522 LL.e
446 2489 526 2537 marg.
545 2474 632 2524 Parm.
655 2477 705 2524 oiee
722 2490 769 2537 pro
788 2490 841 2525 ooee
861 2477 919 2525 Pal.
939 2476 1011 2526 Med.
1035 2491 1072 2538 pr.
1098 2490 1180 2523 eerena
1195 2474 1298 2524 Bnelid.

190 2540 257 2586 -49
273 2537 336 2586 orbiu
348 2553 394 2600 pro
405 2538 454 2586 orie
465 2539 524 2586 Vat.
535 2543 655 2588 een—5⁰
671 2540 698 2588 in
713 2539 798 2588 eretria
816 2539 878 2590 Vnt.
897 2555 936 2603 pr.
955 2546 983 2589 et
1001 2547 1085 2604 quart.
1103 2538 1160 2588 Pal.
1172 2537 1246 2587 Med.
1256 2553 1298 2600 pr.

191 2599 252 2651 Vnt.
264 2602 348 2650 Livin.
375 2607 399 2650 et
410 2601 495 2650 cancie
507 2603 617 2652 Florent.
628 2602 701 2651 Med.
717 2618 769 2652 sec.
786 2604 850 2653 Put.
870 2603 962 2653 Peter.
979 2618 1032 2652 eec.
1054 2603 1103 2652 duo
1119 2601 1211 2651 Ambe.
1232 2602 1299 2652 Cod.

189 2661 281 2728 Epigr.
292 2664 382 2714 Ambe.
394 2668 459 2714 Exc.
477 2666 588 2716 Lucem.
600 2680 640 2729 pr.
652 2665 714 2715 Alo.
725 2666 786 2716 Ver.
798 2668 852 2717 LL.
864 2682 879 2714 e
899 2681 980 2730 marg.
1000 2668 1088 2716 Parm.
1112 2667 1208 2726 generis
1223 2665 1298 2715 Med.

209 2733 295 2778 r.·-⁵l
312 2745 342 2778 ne
357 2729 471 2792 ‚iungeret
490 2731 605 2780 Florent.
627 2730 701 2780 Med.
724 2744 775 2780 nec.
797 2731 889 2781 selred.
910 2731 1047 2781 (lum—62
1062 2745 1140 2780 eoeero
1157 2744 1205 2791 pro
1216 2734 1299 2778 ennete

217 2796 315 2844 etseec.
339 2809 400 2844 aare
410 2794 468 2845 Pal.
479 2793 531 2845 duo
542 2793 614 2846 Med.
640 2809 698 2844 ome
715 2795 783 2845 clere
797 2795 859 2846 Vat.
873 2810 914 2859 pr.
936 2795 1005 2845 riom
1024 2795 1124 2845 Thoan.
1146 2794 1233 2845 Oxou.
1244 2807 1299 2844 sec.

690 2932 798 3007 moure

191 3102 256 3149 '46
271 3098 381 3163 Serene]
397 3098 521 3150 Socerum
534 3106 562 3150 et
579 3115 680 3150 merum
693 3101 726 3150 ei·
765 3102 792 3152 iu
802 3101 994 3153 matrimonium
1004 3101 1087 3152 duxit.
1187 3115 1190 3120 ·

192 3175 247 3227 mul
258 3175 384 3239 intellige,
404 3180 434 3226 ut
446 3176 515 3240 apud
532 3177 607 3239 Virg.
624 3176 727 3238 Andro·
798 3181 831 3228 49
847 3179 921 3242 iace]
937 3178 969 3227 Id
981 3183 1030 3238 eet,
1041 3179 1067 3226 in
1079 3191 1124 3226 ore
1139 3172 1254 3237 micanti,
1270 3176 1298 3226 iu

194 3251 285 3300 macne
306 3250 447 3300 Ascanium
469 3249 557 3302 ‘ferre
577 3253 729 3304 incomitata
766 3254 847 3304 oculis
859 3254 910 3302 tuie
918 3252 1076 3316 fulgentibus
1085 3249 1300 3314 intenderem,

187 3324 290 3376 nolebat
302 3322 344 3374 Aa
358 3323 479 3377 soceros!
766 3326 848 3377 instar
860 3328 983 3377 Deorum.

206 3404 256 3450 ’48
276 3400 467 3466 ὓσηίιιεὶίιμᾶ]
486 3403 617 3453 Divinitas
629 3419 724 3467 praeeee
798 3412 828 3456 tl
846 3405 1298 3471 Anepexpurpuro]1deet,1mpere·

187 3473 308 3538 Imperii,
329 3476 401 3538 cnjus
421 3479 554 3541 particeps
574 3487 615 3529 eet
626 3480 724 3529 Serene
765 3488 806 3530 tor
818 3496 931 3544 purpura
948 3481 1052 3546 indutor
1070 3495 1166 3544 auspex
1185 3495 1227 3530 me
1240 3481 1300 3546 jetu-

190 3553 352 3601 totvinculie
365 3552 488 3617 Auguste
501 3555 698 3605 domuiiuuexa.
764 3558 848 3621 geret,
872 3571 918 3606 een
943 3555 989 3607 enh
1013 3557 1133 3620 aruspiciie
1155 3561 1206 3606 sule
1220 3559 1297 3623 jungi

159 3627 161 3632 '
192 3632 195 3637 '
223 3627 416 3693 Pietutieemor]
433 3629 514 3680 Amor
525 3645 571 3680 eeu
589 3631 673 3697 pietur
691 3633 724 3682 ab
764 3647 805 3681 me
819 3633 936 3698 juberet.
969 3633 1077 3696 Auspex
1091 3643 1177 3682 etitem
1191 3635 1297 3700 proprie

189 3705 310 3754 omnibus
324 3706 536 3764 debitaSerenae‚
548 3713 669 3772 tauquam
680 3706 724 3768 illa
764 3717 805 3758 est
816 3709 860 3774 qui
871 3723 904 3757 ex
914 3709 997 3757 avium
1011 3710 1108 3772 volatu,
1119 3717 1207 3770 cantu,
1220 3704 1300 3774 pe'n'tn

188 3778 259 3832 foret
269 3784 349 3832 etium
364 3797 456 3841 parens
467 3785 577 3848 patriae3
595 3790 622 3833 et
635 3785 669 3834 ob
680 3800 723 3834 eu·
764 3783 850 3833 lotura
864 3783 994 3846 predicte.
1014 3784 1067 3834 Sed
1080 3791 1107 3832 et
1119 3800 1219 3848 auspex
1234 3785 1298 3836 dici·

181 3851 229 3920 Jue
236 3860 409 3907 reverentiam
415 3860 571 3910 cincinnus
580 3874 630 3907 nou
640 3868 724 3921 prata,
764 3856 978 3923 tunnnpirvppor,
986 3861 1029 3925 qui
1040 3859 1137 3922 nuptiie
1145 3850 1299 3911 contrairem

189 3936 245 3981 tou
257 3947 359 3996 greges,
377 3949 427 3985 non
447 3936 527 3984 collon
541 3935 634 3983 vitibus
646 3937 723 3986 amic·
764 3934 805 3985 din
817 3943 922 3999 praest,
936 3936 974 3984 ita
985 3935 1070 3987 dictur
1081 3935 1114 3985 ab
1129 3934 1299 4000 auspicando,

191 4004 243 4067 ton,
261 4014 291 4057 et
305 4008 356 4057 elia
374 4010 509 4072 ejusmodi,
527 4010 572 4058 ned
584 4009 640 4074 ejus
657 4011 724 4073 epir-
763 4010 833 4075 qood
845 4009 878 4060 de
886 4010 1034 4077 nuptiarum
1045 4024 1168 4063 eucceneu
1179 4011 1298 4080 euepicin

189 4080 275 4132 telem
289 4083 426 4150 jactando,
446 4085 558 4150 puellm
574 4084 725 4138 ditueimem
763 4091 885 4140 numeret.
