2700 4702
486 294 544 345 eb.
566 292 781 345 emunim
805 292 839 340 G.

641 596 692 717 c.

466 893 521 957 50.
574 891 631 956 IN
655 888 874 956 SIRENAS.

119 1078 254 1145 nunna
268 1078 395 1142 malum
409 1075 529 1159 pelago
544 1075 650 1152 Siren,
663 1075 883 1155 volucresque
897 1069 1031 1155 puellae,

119 1180 282 1265 Scyllaeos
296 1180 381 1243 inter
394 1178 553 1250 fremitus,
569 1177 768 1259 avidamque
784 1172 987 1257 Charybdin,

120 1280 256 1345 Musica
269 1298 355 1343 saxa
367 1279 460 1342 fretis
474 1280 669 1343 habitabant
682 1276 796 1341 dulcia
808 1279 966 1350 monstra,

120 1380 254 1445 Blanda
267 1382 392 1463 pericla
406 1382 506 1445 maris
518 1402 527 1460 3
550 1386 652 1443 terror
665 1398 799 1462 quoque
815 1381 926 1458 gratus
940 1375 976 1438 in
990 1371 1106 1437 undis.

121 1480 253 1545 Delatis
268 1481 346 1545 licet
359 1482 426 1544 hue
441 1482 646 1546 incumberet
659 1498 741 1543 aura
756 1478 890 1553 carinis,
1203 1473 1224 1536 5

154 1642 235 1703 Siren,
254 1644 340 1693 malam
351 1642 481 1706 jucundam
490 1643 517 1692 in
531 1645 624 1707 pelago,
639 1648 664 1692 et
674 1642 780 1703 virgines
795 1641 866 1690 data
882 1639 946 1689 ister
960 1653 1080 1688 maroam
1097 1637 1192 1702 Scylla,
1201 1642 1225 1685 et

123 1706 257 1771 Charybdis
267 1709 359 1770 rapacis
368 1708 499 1757 incolebant
508 1723 577 1771 repes
593 1713 727 1756 resonantes
735 1707 761 1756 in
766 1704 849 1765 freto:
865 1704 906 1753 hm
923 1703 1026 1753 Sirenes
1038 1710 1114 1752 erant
1123 1707 1226 1751 maora

118 1776 201 1836 grata
208 1773 314 1834 periculo
324 1772 401 1822 dubio
410 1773 499 1836 pelagi,
515 1772 587 1820 timor
603 1773 675 1820 amm
692 1771 800 1820 amobibs
815 1771 842 1819 is
852 1768 927 1833 aquis.
961 1767 1077 1824 Quamvis
1086 1764 1227 1825 nesiuafer·

586 1897 765 1917 ”euoenon

125 1959 215 2074 PHoc
227 1962 395 2039 Epigramma
414 1970 473 2013 erat
494 1963 520 2012 in
540 1962 648 2013 Schedia
666 1961 802 2024 Gudianis,
819 1960 865 2010 sed
883 1959 910 2008 in
922 1959 985 2008 Mss.
1002 1957 1132 2020 omnibus,
1148 1963 1177 2005 et
1187 1955 1227 2006 ed.

149 2027 436 2155 aqursqrqqqdlqpqtqsqqm
456 2091 518 2141 edd.
536 2090 598 2140 Ald.
617 2090 711 2154 lsingr.
729 2089 881 2152 Gryph.-4
897 2091 1017 2150 terrorque
1024 2089 1111 2148 motas
1122 2085 1148 2133 in
1159 2083 1228 2133 nodis

622 2225 730 2277 NOTAE

156 2342 171 2386 l
189 2338 372 2403 Dulcemalam]
403 2340 497 2390 Nautis
505 2340 657 2405 jucundum,
697 2347 748 2389 ta:
766 2354 840 2389 secus
852 2339 887 2389 de
903 2337 1043 2396 sirenibus,
1062 2350 1121 2399 qnoe
1134 2333 1168 2384 ab
1181 2333 1229 2382 En·

126 2411 172 2463 sed
185 2413 414 2466 etiaminimicnm.
697 2415 783 2478 ripide
813 2416 935 2465 dicuntur
960 2411 1103 2476 llrepopdpss
1129 2409 1230 2460 sensiles
1260 2442 1263 2448 -

158 2488 241 2552 Siren]
253 2491 293 2539 De
305 2491 435 2542 Sirenibus
440 2495 494 2557 jam
504 2509 582 2558 snpra
590 2509 658 2558 qure-
697 2491 819 2557 Παρθένοι,
831 2494 902 2542 alata
910 2491 993 2554 puella
1007 2489 1129 2550 Virgines.
1146 2487 1230 2535 Porro

125 2562 184 2615 dam
205 2565 333 2616 diximus:
359 2567 405 2617 sed
424 2570 474 2619 hoe
492 2571 607 2619 addatur
624 2585 657 2619 ex
697 2569 800 2618 Sirenes
815 2567 938 2618 dicuntur
957 2579 1007 2614 non
1025 2562 1127 2612 ἀπὸτοῦ
1143 2560 1230 2625 σύρειν,

125 2638 218 2689 diebus
232 2641 383 2693 Genialibus
402 2646 499 2695 laudati
512 2647 568 2708 jam
578 2645 658 2695 Alex·
697 2645 802 2707 trabere,
821 2643 871 2692 etsi
891 2646 1077 2692 contonantes
1098 2639 1230 2688 attrahere

126 2715 199 2765 andri
207 2715 239 2765 ab
248 2717 414 2770 Alexandro:
431 2722 660 2772 aiebat‘Theodo·
694 2714 839 2783 jactemur,
866 2717 962 2781 alioqui
994 2722 1088 2766 contra
1115 2720 1230 2763 veterem

126 2806 170 2842 rus
182 2792 261 2856 Gaza,
275 2795 313 2843 vir
328 2795 425 2847 Graeea
432 2797 553 2848 facundia
564 2799 659 2860 clarus,
698 2794 829 2845 scribendi
850 2795 985 2855 rationem,
1001 2792 1140 2841 dicendum
1163 2795 1232 2840 esset

126 2874 155 2918 et
176 2870 351 2934 Philosophia
379 2875 518 2938 preceptis
543 2873 658 2923 imbutus
698 2871 815 2936 Syrenes:
832 2869 1111 2932 sedsieappellantur
1128 2865 1176 2916 ἀπὸ
1191 2868 1233 2925 τῆς

126 2944 317 3007 egregie...cum
329 2946 354 2994 in
364 2947 547 3011 Peloponneso
560 2955 659 3010 ageret,
698 2950 785 3013 σειρᾶς,
804 2947 872 3012 qnod
892 2949 1009 2996 viantium
1031 2951 1067 2994 est
1089 2950 1114 2994 et
1140 2949 1231 3005 aalma,

42 3062 46 3071 .
125 3025 155 3070 et
165 3019 235 3069 foeda
245 3023 321 3070 maris
333 3030 489 3085 tempestate
501 3024 595 3073 oborta
612 3023 658 3071 du·
698 3024 768 3090 quod
780 3024 832 3072 suis
840 3022 1010 3072 concentibus
1017 3022 1118 3070 vinctas
1128 3019 1233 3068 audien·

125 3096 224 3145 sissimo
240 3102 360 3159 tempore
380 3100 448 3162 anni,
467 3101 590 3150 nonnulla
607 3100 659 3163 pis·
700 3101 765 3149 tium
775 3114 851 3148 aures
870 3106 960 3148 tenere
977 3104 1057 3162 atque
1069 3097 1176 3146 irretire
1187 3094 1233 3144 fin·

126 3171 195 3220 aium
212 3179 325 3221 monstra
345 3177 465 3237 procellae
481 3176 513 3224 ad
524 3177 599 3227 littus
610 3177 659 3225 illi·
700 3182 802 3240 gantur.

126 3247 230 3308 sissent,
248 3248 317 3297 inter
337 3257 426 3300 cetera
450 3252 542 3301 vidisse
567 3251 659 3301 Nerei·
736 3249 986 3313 Vobrcresqaepaelloe]
997 3249 1041 3298 Ita
1049 3247 1233 3312 pingebantur,

127 3322 186 3371 dem
206 3324 232 3371 in
253 3323 339 3373 littore
361 3324 484 3376 fluetibus
504 3328 659 3391 expositam,
700 3334 730 3376 ot
748 3327 863 3390 pulchrae
883 3326 954 3374 inter
970 3325 1069 3387 puellas
1092 3322 1233 3386 pulcherri-

126 3398 259 3450 riventem
278 3400 334 3462 jam
355 3408 383 3450 et
408 3404 559 3467 spirantem,
585 3406 661 3453 vultu
700 3407 852 3462 mas,eantu
866 3406 947 3463 gratae
966 3400 1036 3450 inter
1052 3412 1233 3450 arescanoras

126 3475 195 3525 haud
207 3476 318 3525 absimili
337 3478 459 3541 humano,
478 3479 546 3529 facie
557 3494 660 3544 quoque
699 3477 867 3526 haberentur.

76 3568 82 3576 ‘
127 3549 327 3616 deeora‚'neque
341 3555 478 3605 invenusta
493 3557 660 3619 specie,cor-
732 3549 1031 3616 adoptaracarytdio]
1057 3549 1234 3601 ‘Hincfabn

127 3642 191 3690 pore
203 3630 315 3692 squamis
327 3629 395 3680 hirto
403 3630 436 3679 ad
449 3631 544 3694 pubem
555 3646 662 3695 usque...
699 3629 733 3678 lae
746 3627 902 3692 Charybdim
915 3634 943 3676 et
960 3627 1076 3691 Scyllam
1087 3640 1234 3690 peperere;

126 3703 179 3757 Sed
198 3719 265 3765 earn,
279 3721 337 3755 euru
352 3707 414 3755 sein
426 3708 495 3757 sicco
510 3705 661 3756 destitutam
699 3705 760 3755 hine
779 3705 888 3755 latratus
908 3703 1029 3763 auditus3
1045 3703 1106 3752 hine
1123 3701 1233 3752 monstri

126 3780 239 3845 videret,
248 3796 303 3844 prae
313 3782 402 3832 dolore
411 3783 522 3847 gemitus
530 3782 661 3845 spirantes
701 3781 803 3831 credita
826 3771 963 3831 simula'cra
991 3780 1052 3829 dum
1082 3781 1233 3843 navigantes

126 3862 157 3905 et
167 3855 296 3920 lacrymas
308 3857 402 3907 uberes
415 3858 536 3907 dedisse!
555 3857 660 3908 Aleum
700 3857 799 3921 maguis
818 3857 960 3907 vorticibus
982 3856 1068 3920 pelagi
1081 3855 1233 3906 'desidentis

127 3931 201 3996 aquis
221 3932 324 3982 admota
341 3940 420 3997 esset,
433 3931 660 3991 crescentefluetu
700 3935 819 3984 exterriti
840 3936 937 3984 latrare
954 3940 1045 3997 putant
1063 3933 1153 3995 undas,
1170 3946 1233 3998 quas

127 4019 162 4054 ex
180 4008 262 4058 oeulis
281 4010 427 4060 mirantium
445 4010 559 4061 evannit.
570 4004 660 4065 'tetra
701 4011 830 4062 sorbentis
841 4018 920 4060 astus
932 4024 1027 4073 vorago
1038 4007 1177 4058 condidit!

128 4095 175 4131 nes
192 4090 279 4134 autem
294 4093 322 4134 et
338 4087 467 4138 Nereides
483 4088 554 4137 inter
570 4101 599 4137 se
610 4087 660 4137 dis·
732 4090 747 4137 8
765 4087 846 4136 Fretis
856 4086 1005 4151 imaum]
1020 4086 1125 4135 Sirenes
1134 4085 1234 4134 habits·

126 4164 247 4222 erepant.
285 4161 414 4214 Nereides
441 4176 494 4214 non
520 4169 582 4216 sunt
608 4164 660 4214 aln-
699 4159 955 4214 hantsaxainfreto
971 4160 1234 4227 Siculo‚sedb1asies
