2700 4702
70 278 176 352 ³1292
283 302 393 351 noun
417 298 619 350 vsurouuu
644 301 683 350 ru
710 300 769 349 cu.
794 300 932 349 cnuuu.
956 302 991 346 v.

66 448 69 457 ⁴
88 441 201 496 tantiam
212 443 355 506 majestate·
368 443 487 508 quasdam
502 443 623 494 militaris
660 456 715 491 mos
726 444 807 491 Ferro
822 455 929 506 squama
940 441 1000 490 rudi
1012 434 1189 504 permixtoque

66 521 201 570 ‘savina
221 519 311 569 Bartls.
374 530 392 557 0
661 523 767 582 asperat
778 518 858 566 auro!
889 517 1020 567 Animatus·
1039 523 1190 567 tamencum

94 595 427 659 «nanturiacensem
455 596 624 660 chlamydum
661 596 807 645 veterrimis
826 596 899 645 libris
922 595 1063 657 legendnm
1080 593 1192 658 probari,

91 671 285 728 versicolorum,
297 671 389 734 quibus
400 672 494 721 milites
506 687 585 736 snpra
596 672 625 719 li·
661 673 707 721 lib.
719 686 761 722 ru.
773 672 805 721 de
818 674 896 734 Rapt.
909 687 946 721 vs.
952 675 1009 722 ssa.
1026 671 1104 721 Vidit
1115 669 1144 720 et'
1154 682 1193 718 cu·

86 755 155 798 'neas
167 753 253 796 vestes
263 747 415 797 utebantur.
443 750 518 798 Ideni.
663 751 699 799 ris
711 749 830 798 secundis
839 749 973 809 Barthius,
983 746 1126 811 etegregie
1134 745 1193 795 locis

95 858 100 867 .
125 826 173 872 667
192 823 256 878 Quos
277 825 352 886 aperit
365 823 501 886 formatque
522 823 627 887 chalybs]
664 825 798 874 Claudiani
810 838 913 888 prorsus
934 823 1061 872 similibus
1078 821 1194 871 adductis

93 900 132 950 Ut
142 900 190 949 toti
199 900 271 948 velut
282 899 387 950 formati
398 901 513 966 factique
522 901 627 950 videan·
663 917 750 951 veram
769 901 907 950 lectionem
931 900 1059 949 asseruit:
1084 898 1129 964 qui
1151 898 1194 946 hoc

93 983 138 1026 tur
149 990 181 1024 ex
192 976 311 1038 chalybe.
340 978 384 1026 Sic
399 978 460 1026 alibi
472 991 511 1027 vr.
524 977 629 1026 Consul.
665 979 722 1026 loco
732 978 912 1042 consulendus.
931 979 966 1026 D.
980 976 1070 1025 Heius

94 1051 196 1102 Houor.
212 1053 219 1078 ‘
232 1054 270 1102 Ut
281 1053 390 1117 chalybe
403 1055 507 1103 indutos
520 1054 628 1117 equites,
698 1059 744 1102 361
763 1055 815 1101 Pur
824 1054 924 1102 sendus
934 1052 1011 1116 equis]
1035 1051 1126 1100 Etiam
1135 1049 1197 1113 Equi

93 1128 160 1180 etin
178 1143 231 1177 aare
247 1129 360 1178 latentes
371 1129 446 1178 Vidit
468 1129 629 1191 cornipedes,
666 1130 891 1191 cataphractorum
916 1129 963 1177 toti
988 1127 1074 1176 induti
1100 1125 1198 1175 laminis

75 1219 206 1269 v>spasmum
227 1205 259 1253 de
281 1213 369 1268 gente,
391 1206 509 1267 rogabat,
530 1206 629 1254 Ferrati
667 1203 760 1253 ferreis
773 1203 842 1267 apud
855 1210 965 1254 veteres.
994 1202 1085 1252 Barth.
1136 1238 1139 1241 -

95 1294 192 1330 venere
202 1280 249 1328 viri
257 1279 274 1328 i’
285 1284 335 1330 &c
363 1280 410 1329 Ait
421 1281 499 1342 igitur
510 1281 630 1329 Olarrdia-
700 1284 748 1328 362
768 1281 923 1342 Ferratosqae
934 1274 1112 1338 lecantarmos]
1129 1276 1200 1325 Cata·

96 1368 144 1404 uus
156 1370 248 1404 novam
266 1356 338 1404 velut
353 1354 462 1403 formam
481 1356 631 1418 cataphrac-
668 1358 790 1420 phractos
801 1356 936 1418 describit,
946 1367 1056 1418 quorum
1072 1356 1200 1400 armatura

96 1431 131 1480 tis
142 1431 229 1479 datam
242 1446 257 1478 a
278 1430 369 1479 ferreis
387 1431 437 1479 illis
455 1431 630 1481 munimentis.
669 1447 702 1480 ex
714 1431 796 1480 solido
806 1429 893 1480 ferro:
912 1430 945 1478 de
962 1429 1055 1494 quibus
1068 1426 1139 1476 forte
1150 1441 1201 1475 nos·

98 1508 213 1559 Formare
237 1513 276 1555 est
295 1522 367 1555 suram
388 1506 496 1555 formam
518 1507 557 1555 rei
576 1521 633 1570 spe·
669 1513 711 1555 ter
722 1507 755 1555 de
772 1520 815 1555 111.
828 1507 898 1557 Hon.
909 1507 987 1555 Cous.
999 1511 1027 1553 et
1039 1502 1158 1566 apertius
1173 1501 1201 1550 de

100 1582 218 1646 eiemque
227 1583 351 1632 tribuere.
670 1595 709 1631 vt.
721 1582 800 1631 Cous.
813 1581 844 1629 ad
862 1580 940 1630 finem
951 1597 957 1628 :
976 1581 984 1608 ‘
997 1581 1037 1629 Ut
1048 1578 1163 1642 chalybe
1170 1578 1202 1627 in·

102 1681 117 1714 .·
133 1659 414 1722 Coajunctaperartem]
431 1659 537 1709 Nullum
549 1660 632 1722 majus
671 1658 747 1707 datos
759 1658 906 1722 equites,et
917 1656 944 1704 iu
962 1670 1014 1704 aare
1031 1652 1203 1704 latentes-vi·

99 1733 238 1785 artificium
250 1736 276 1784 in
289 1737 336 1785 tali
348 1744 479 1785 armatura
490 1751 564 1800 quam
573 1751 633 1786 con·
672 1734 884 1797 ditcornipedes,
893 1747 1000 1797 quanam
1012 1732 1047 1781 de
1059 1737 1140 1794 gente
1150 1744 1203 1794 pro·

96 1809 246 1872 junctiones
271 1811 431 1872 laminarum,
455 1818 485 1860 ut
507 1811 540 1859 ad
560 1825 633 1860 usum
671 1809 736 1860 secti
747 1810 848 1858 Ferrati
861 1824 955 1858 venere
964 1807 1038 1856 virii’
1055 1808 1153 1868 Veget.
1164 1819 1203 1854 111.

101 1883 150 1934 suh
168 1885 199 1933 iis
215 1892 244 1932 et
261 1900 319 1934 cum
338 1885 368 1934 iis
385 1900 477 1948 corpus
495 1887 633 1933 humanum
672 1891 697 1936 6.
717 1893 744 1934 et
762 1886 886 1948 Propert.
896 1885 913 1933 l.
921 1898 965 1932 111.
978 1882 1055 1946 Eleg.
1068 1886 1110 1931 11.
1126 1882 1204 1930 ‘Fer-

101 1961 199 2009 moreri
211 1968 297 2024 queat.
318 1963 458 2011 Cateuulas
471 1963 495 2010 iu
509 1977 540 2010 ea
551 1976 579 2010 re
591 1977 635 2025 ag·
673 1977 732 2011 reus
745 1967 842 2009 armato
859 1974 911 2007 neu
927 1958 1115 2021 cataphractus
1127 1954 1204 2020 equo!

102 2041 187 2090 noscit
197 2041 328 2102 Sidonius,
348 2042 393 2104 qui
411 2046 506 2090 catenas
520 2037 568 2104 pro
580 2041 637 2103 ipsa
673 2039 757 2086 Erant
774 2041 835 2096 'ergo
854 2035 879 2082 hi
897 2035 998 2098 equites
1015 2039 1129 2093 tantum,
1146 2045 1205 2096 qnos

83 2132 87 2145 ¹
102 2122 276 2165 concatenata
289 2123 418 2166 arruatura
429 2124 545 2180 usurpat.
569 2117 636 2166 Con·
674 2113 772 2169 Livius,
785 2111 830 2161 lib.
839 2125 865 2160 v.
876 2111 902 2158 iu
914 2109 966 2157 fine
985 2123 1024 2156 1v.
1038 2107 1143 2156 Decad.
1155 2107 1207 2154 lori·

102 2189 221 2240 firmatur
233 2193 374 2242 clarissime
391 2208 407 2241 a
424 2193 518 2254 Poiita,
532 2208 637 2246 suornm
674 2194 738 2237 catos
750 2190 839 2236 uocat.
872 2185 956 2235 Iidem
970 2182 1159 2245 cataphractarii
1172 2181 1207 2230 di·

103 2266 234 2316 dictorum
247 2269 340 2332 ubique
352 2283 476 2327 memore,
490 2283 528 2317 v1.
539 2269 638 2318 Consu·
675 2270 798 2312 cuntura
814 2261 934 2309 Pollione
951 2260 977 2307 iu
996 2258 1108 2307 Claudio
1120 2270 1208 2308 succand

86 2343 161 2391 ‘latu
179 2342 277 2391 Honor.
300 2344 381 2388 ‘num
404 2343 524 2390 Lemnius
547 2349 640 2391 auctor
676 2340 726 2388 do:
753 2338 797 2386 sed
819 2343 847 2386 et
867 2335 999 2384 (lithomarii
1021 2332 1209 2399 Lampridcin

104 2416 215 2467 Addidit
232 2417 359 2468 hinnitum
379 2415 468 2465 ferro?
491 2417 639 2465 simulacra·
676 2414 825 2465 Alexandro
841 2414 954 2463 Severo:
973 2411 1096 2461 videatur
1115 2412 1209 2460 Salust.

106 2507 156 2558 que
168 2491 433 2542 BellisVisadediti'
457 2493 522 2543 Qrsae
534 2492 576 2540 hic
587 2496 640 2540 oui·
677 2492 737 2540 hist.
755 2492 773 2540 l.
791 2504 839 2538 nv.»
853 2488 920 2552 apud
941 2487 1067 2548 Nonium,
1085 2502 1109 2536 c.
1127 2489 1171 2536 18.
1184 2491 1210 2535 'et

90 2566 177 2627 mari,
194 2565 248 2614 illic
267 2566 326 2621 riva
346 2565 422 2627 dicit,
441 2567 532 2614 eodem
555 2581 639 2615 sensu.
677 2569 752 2616 Serv.
772 2565 803 2613 ad
824 2564 888 2613 illud
906 2563 1034 2625 Maronis,
1054 2561 1158 2612 AEneid.
1172 2574 1211 2614 xl.

108 2643 205 2693 Noster
217 2658 292 2692 mox:
310 2644 317 2671 ‘
332 2643 421 2692 credas
439 2644 576 2693 simulacra
587 2659 641 2692 mo·
678 2644 927 2706 ‘Spumantemque
954 2639 1069 2702 agitabat
1102 2640 1214 2703 equum?

106 2717 164 2766 veri
176 2718 281 2776 Ferrea,
291 2723 454 2781 cognatoque
462 2717 532 2767 viros
541 2717 641 2781 spirare
680 2719 815 2780 Dempstrr.

92 2795 232 2846 ‘metallo’
261 2796 350 2845 Barth.
713 2789 984 2853 Fesratosque‘moreat]
1001 2789 1213 2841 Leoautbuecns'.

111 2874 189 2921 ,668
204 2870 334 2919 Aniumtar
351 2869 451 2933 lumina]
477 2869 642 2919 Laminarum
682 2873 708 2916 et
722 2867 813 2916 vatic.
836 2871 902 2914 cunr
917 2865 1000 2914 tribus
1022 2865 1098 2927 aliis3
1123 2873 1212 2914 recte:

108 2946 206 2996 mentio
215 2944 337 3009 frequens
350 2945 520 2994 inloricarum
527 2945 643 3008 descrip-
666 2958 741 2992 nam
757 2942 845 2992 moveri
857 2942 913 3005 jam
923 2949 1104 3005 precesserat.
1137 2939 1215 2991 Initio

109 3021 192 3082 tione,
215 3035 248 3068 ex
268 3021 300 3068 iis
323 3021 391 3069 enim
411 3028 540 3069 consertae
560 3026 644 3069 eraut.
683 3022 801 3083 Raptus:
818 3020 825 3045 ‘
840 3019 1010 3067 Collalerant
1020 3018 1116 3067 attrita
1121 3015 1216 3081 jugis?

109 3094 371 3145 Tsrrneb.xxrx.35.
408 3095 553 3144 Ss1·v.ante
572 3096 644 3144 illum
682 3095 757 3143 Bello
769 3094 831 3143 Get.
847 3094 976 3142 ‘Securus
984 3094 1041 3155 jam
1051 3088 1217 3143 Romalerat

93 3170 144 3218 ad
165 3168 266 3219 AEneid.
281 3183 309 3217 v.
333 3169 466 3218 ‘Levibus
485 3170 545 3219 huic
564 3171 645 3219 hamis
683 3168 846 3233 tranquillior
865 3169 955 3218 arces!
985 3170 1053 3218 Stat.
1073 3169 1217 3219 'lhebrnu

95 3271 97 3274 >
110 3250 256 3294 consertam
266 3257 379 3307 auroque
389 3244 501 3293 trilicem
509 3238 645 3296 Loricam!
683 3246 743 3295 ‘Sic
754 3244 835 3305 fatur,
845 3250 876 3310 et
885 3245 938 3293 alto
950 3245 1071 3293 Membra
1082 3245 1217 3295 lerat'sco-

110 3321 179 3368 Stat.
197 3318 280 3367 Theb.
297 3320 418 3368 1v.‘tcr
435 3321 520 3370 insuto
540 3328 647 3372 servant
684 3319 764 3384 pulo,’
774 3321 917 3383 utquirlem
927 3316 1074 3384 inscriptis.
1092 3321 1218 3386 Sequenti

111 3395 230 3458 ingentia
241 3392 310 3443 ferro
322 3395 455 3446 Pectora!
482 3397 645 3446 Laminarnnr
684 3411 769 3458 uersu,
780 3395 886 3445 codices
905 3396 1051 3458 complures
1063 3396 1219 3446 'Dioirurm

111 3486 173 3523 saue
184 3471 240 3519 aliae
256 3484 389 3534 squammas
404 3470 572 3532 reserebaot3
590 3473 647 3522 aliae
684 3473 779 3535 quisque
798 3473 862 3520 loco:
877 3471 946 3535 quod
965 3472 1162 3523 verum-videri
1180 3483 1220 3521 su·

112 3549 207 3598 hamos:
224 3561 272 3611 pro
292 3549 430 3612 squammis
450 3556 514 3612 puto
530 3555 647 3598 nostrum
685 3548 793 3611 prujam
805 3548 949 3597 monuimus
964 3552 1054 3598 raim
1088 3550 1220 3614 VulgoEt

112 3625 211 3674 dixisse
232 3625 340 3674 hmiuos.
374 3625 463 3675 Sidon.
482 3626 586 3675 ‘sutilis
608 3625 647 3674 illi
678 3623 760 3684 justa:
777 3623 846 3672 uude
860 3625 894 3672 Ut
903 3623 971 3683 jusso
983 3624 1026 3673 vei
1036 3623 1106 3683 justo
1117 3639 1171 3675 non
1186 3625 1222 3674 ia·

114 3702 232 3752 Circulos
250 3701 371 3764 impactis
389 3702 495 3751 loricam
507 3703 594 3752 texuit
603 3703 648 3750 ha·
685 3698 812 3750 concinne
831 3698 928 3747 elicias.
956 3699 1151 3753 Dinisotuman
1171 3714 1221 3750 rna·

113 3779 180 3829 mis.’
204 3779 300 3830 Quaere
313 3778 387 3840 plura
398 3777 468 3841 apud
481 3778 607 3841 Lipsium,
616 3778 648 3826 de
685 3774 737 3823 lim.
763 3773 903 3836 Capitolio.
921 3774 960 3822 M.
972 3774 1116 3838 Antonino,
1126 3777 1134 3803 ⁴
1144 3777 1221 3826 Sena·

114 3854 194 3904 Milit.
204 3855 282 3903 Rom.
293 3853 340 3903 lib.
352 3853 478 3904 111.Dial.
489 3859 514 3903 6.
687 3857 729 3900 tus
739 3851 898 3913 populusque
913 3865 963 3902 nou
981 3850 1072 3900 divisis
1088 3851 1165 3915 locis,
1176 3842 1222 3902 sod

147 3930 270 3979 Hortatur
297 3929 386 3978 lamina
405 3928 525 3992 membris]
558 3927 651 3991 Miror,
687 3927 713 3975 in
725 3941 777 3975 una
788 3926 861 3988 sede,
872 3926 1013 3989 propitium
1032 3929 1122 3978 Deum
1137 3927 1222 3979 dixit:

116 4005 237 4070 qnihanc
248 4003 387 4054 lectionem
395 4002 660 4066 mordicustuentur,
688 4004 816 4066 Corippus
830 4003 848 4050 l.
866 4015 906 4051 rr.
922 4002 1061 4055 ‘Divinum
1078 4004 1107 4056 ia
1124 4012 1222 4056 turmas

116 4095 168 4134 non
187 4080 326 4132 adduxisse
337 4080 394 4130 Silii
411 4080 463 4132 ista
479 4079 525 4129 lib.
538 4094 565 4129 v.
581 4080 651 4130 ‘Lo-
664 4083 665 4087 ’
688 4086 766 4142 atque
777 4078 805 4129 ia
817 4093 864 4128 sua
874 4092 984 4144 corpora
993 4079 1106 4143 vulgus!
1124 4081 1223 4130 Noster

117 4156 198 4211 risam
210 4154 335 4220 induitur,
352 4161 436 4211 tortos
447 4156 491 4212 cui
502 4157 596 4212 nexilis
604 4158 652 4211 ha-
688 4157 771 4221 Napt.
786 4153 861 4210 lion.
877 4154 989 4208 ‘Divisa
1007 4162 1152 4221 properata
1171 4154 1224 4211 ruo¹
