2700 4702
115 277 203 352 1166
418 295 475 342 cn.
499 293 713 344 annuorum
739 291 922 347 nxxxvn.

542 670 797 745 LXXXVII.

281 917 336 982 37.
381 917 446 980 DE
469 915 732 995 QUADRIGA
755 917 1049 987 MARMOREA.

119 1097 215 1177 QUIS
239 1097 331 1161 dedit
346 1098 617 1164 innumerosano
634 1099 674 1161 de
689 1118 850 1161 marmore
865 1100 1001 1163 vultusi

118 1201 229 1282 Surgit
242 1201 277 1262 in
292 1199 443 1278 aurigam
460 1214 584 1275 carrae,
601 1202 801 1282 paribusque
816 1201 944 1282 lupatis
959 1205 962 1211 '

117 1301 300 1366 Unanimes
312 1275 605 1383 fraenentur'equi:
629 1321 714 1383 quos
728 1301 835 1364 forma
851 1302 992 1381 diremit,

117 1403 278 1468 Materies
293 1406 436 1482 cognata
452 1407 553 1478 tenet,
571 1401 763 1465 discrimine
775 1404 880 1467 nullu.

117 1504 182 1569 Vir
196 1503 281 1566 redit
294 1504 329 1566 in
345 1522 497 1568 currum:
522 1503 688 1568 ducuntur
703 1507 746 1567 eb
762 1526 827 1567 axe
838 1507 852 1586 j
858 1506 992 1586 ugules:

117 1605 173 1670 Ex
188 1606 254 1668 alio
271 1623 308 1667 se
324 1606 469 1687 quisque
485 1604 580 1670 facit.
627 1605 713 1684 Quae
729 1613 823 1669 tanta
838 1609 1017 1689 potestasi

123 1706 196 1771 Una
210 1707 297 1770 silex
314 1712 364 1769 tot
377 1707 526 1769 membra
539 1707 633 1788 ligat,
650 1708 841 1788 ductusque
858 1728 918 1789 per
932 1716 1038 1772 artem
1103 1686 1111 1701 ⁰

118 1809 221 1873 Mons
235 1810 364 1892 patiens
379 1810 453 1871 ferri
466 1810 577 1872 varios
593 1814 737 1872 mutatur
750 1810 784 1871 in
800 1816 902 1873 artae.

151 1986 240 2048 Ecquis
258 1984 381 2048 insculpsit
392 1984 471 2043 facies
484 1985 564 2034 variae
574 2001 606 2033 ea·
617 2002 662 2034 una
675 1993 701 2035 et
714 1986 802 2033 eodem
816 2000 932 2034 marmure
947 1983 960 2034 ‚⁹
976 1999 1058 2034 currus
1066 1983 1223 2033 attaditur‘iu

118 2051 245 2112 Aurigam,
262 2054 284 2098 et
302 2048 617 2112 equi'caneardcarcguntur
629 2050 717 2107 sranir
734 2050 858 2099 riruiiibur.
893 2050 1000 2098 Materia
1016 2051 1110 2111 cimilia,
1127 2049 1222 2113 absque

117 2116 168 2162 uita
187 2115 333 2178 differentia,
361 2113 441 2163 uinxit
466 2129 521 2176 eos,
546 2129 602 2178 quae
621 2114 708 2178 figura
728 2115 886 2163 discriminat.
929 2115 1028 2176 Auriga<
1044 2114 1173 2162 reuertitur
1198 2115 1223 2162 ia

117 2195 222 2238 eurrrrm,
246 2180 299 2241 equi
318 2180 434 2226 ducuntur
448 2194 479 2226 ex
496 2195 577 2240 curru,
593 2181 687 2242 quiaque
703 2193 728 2226 re
742 2178 835 2237 format
854 2194 885 2226 ea
903 2181 963 2227 alia:
977 2183 1106 2241 quatrata
1122 2179 1159 2226 uir
1170 2177 1223 2227 euti

118 2259 177 2291 auru
186 2243 246 2304 lapis
258 2243 354 2303 coliigat
364 2246 400 2290 tat
411 2257 516 2305 corpora,
526 2248 549 2292 et
559 2244 600 2293 hic
613 2244 674 2306 inpie
684 2242 864 2305 enarrassem,
874 2250 897 2291 et
909 2246 1022 2292 deductus
1031 2258 1074 2306 per
1085 2242 1224 2308 artificium,

119 2308 222 2358 uertitur
232 2309 258 2355 in
269 2307 372 2355 membra
383 2306 484 2356 diuersa.

614 2429 762 2451 ‘coenent

150 2517 190 2565 De
203 2516 327 2574 Quadriga
339 2529 469 2564 marmorea
478 2502 559 2565 habet
571 2517 671 2564 Bonan.
683 2515 769 2566 Oxou.
781 2532 833 2566 sec.
853 2518 893 2565 Dc
904 2518 1002 2573 Quadra
1011 2528 1142 2563 marmorea
1150 2514 1223 2563 Med.

120 2597 159 2642 pr.
186 2581 227 2627 De
242 2580 337 2640 Auriga
356 2595 485 2628 marmorea
502 2582 564 2630 Lar.
592 2581 624 2628 ln
640 2582 701 2631 Vat.
714 2597 751 2643 pr.
762 2595 812 2630 non
824 2589 881 2630 erut
898 2582 946 2629 hoc
964 2592 1078 2629 carmen.
1111 2580 1144 2628 In
1163 2581 1223 2627 Put.

117 2643 218 2695 Baslid.
230 2643 307 2692 duob.
320 2645 412 2693 Petav.
424 2652 451 2693 et
465 2646 527 2707 Erre.
539 2646 632 2694 Petav.
645 2651 728 2708 quart.
738 2646 813 2694 deest
825 2646 969 2707 inscriptio.

153 2716 165 2757 l
186 2712 214 2758 de
234 2724 329 2772 curuare
348 2709 446 2758 Moret.
464 2714 551 2770 pre—2
569 2711 674 2770 Surgere
701 2711 774 2759 Med.
798 2714 932 2774 quart—3
953 2708 1066 2757 Unanimi
1087 2709 1150 2756 Vat.
1173 2721 1226 2756 see.

120 2774 211 2822 Ambr.
224 2780 284 2822 tert.
294 2773 358 2822 Cud.
368 2774 459 2836 Epigr.
473 2772 562 2821 Ambr.
574 2776 637 2822 Erre.
650 2773 742 2823 Peter.
755 2781 838 2838 quart.
850 2781 877 2823 et
890 2776 1000 2822 Lucens.
1014 2776 1102 2834 rin-t
1120 2771 1226 2820 Materia

119 2839 211 2887 Petav.
230 2853 269 2898 pr.
290 2839 386 2887 Monet.
399 2853 436 2900 pr.
450 2838 534 2888 Oxou.
546 2852 598 2887 sec.
626 2839 743 2887 Materies
757 2845 840 2888 cauata
860 2841 924 2888 Lav.
951 2841 1050 2898 cognatu
1066 2838 1126 2884 Vat.
1143 2835 1225 2885 Livia.

113 2903 213 2962 frenata
224 2903 283 2950 Vat.
296 2908 381 2965 qamt.
393 2903 443 2950 inc.
457 2903 550 2950 Heius.
569 2902 661 2951 Petav.
684 2919 722 2966 pr.
742 2904 842 2952 Bonan.
862 2903 947 2952 Oxou.
964 2918 1014 2950 ¹sea.
1028 2899 1087 2948 Ala.
1100 2901 1163 2949 Var.
1175 2900 1226 2950 LL.

119 2967 160 3015 ed.
169 2968 248 3015 Antv.
265 2967 401 3015 discrimine
410 2968 476 3014 nulia
487 2966 545 3015 Pal.
557 2965 629 3014 Med.
643 2972 732 3029 pr.-5
754 2968 802 3016 Vix
813 2968 874 3016 Vut.
887 2972 947 3015 tert.
960 2968 1015 3015 Par.
1038 2966 1079 3012 Vir
1089 2965 1154 3013 radit
1165 2965 1225 3012 Vat.

120 3038 205 3093 qrrart.
218 3033 268 3079 inc.
279 3032 370 3081 Heius.
382 3030 432 3077 duo
445 3031 537 3079 Petuv.
554 3031 654 3079 Bonna.
667 3028 757 3079 Ambr.
776 3038 838 3082 tert.
856 3033 953 3081 Moret.
971 3046 1010 3093 pr.
1024 3031 1087 3080 Lov.
1098 3036 1150 3077 vet.
1163 3028 1227 3090 Gyr.

120 3096 206 3145 Oxou.
219 3109 270 3142 sec.
282 3095 346 3142 Cod.
359 3095 450 3156 Epigr.
469 3093 559 3145 Ambr.
571 3095 635 3142 Exc.
647 3093 743 3143 Petav.
760 3102 845 3159 quart.
860 3097 972 3144 Lucens.
987 3109 1026 3156 pr.
1051 3093 1116 3141 dedit
1129 3093 1226 3142 Moret·

139 3164 209 3208 r.-6
224 3163 322 3220 paratae
333 3172 379 3221 pro
389 3163 493 3220 potestas
510 3158 581 3208 Med.
602 3173 667 3209 seu·
681 3159 781 3223 quauta
798 3166 896 3223 paratur
913 3175 1024 3223 proque
1041 3163 1109 3205 tauta
1124 3161 1228 3219 potestas

119 3174 219 3271 Muslid.
232 3222 272 3270 hic
286 3229 372 3271 autem
382 3236 472 3271 versus
480 3221 573 3269 deerat
584 3220 677 3271 Ambr.
689 3228 800 3272 reru-r
816 3225 918 3274 membra
928 3227 991 3286 tegat
1004 3222 1054 3272 duo
1066 3221 1160 3270 Peter.
1171 3221 1227 3270 Mo·

121 3294 170 3337 ret.
183 3301 221 3349 pr.
233 3287 296 3333 Lar.
310 3287 397 3335 oxon.
410 3291 513 3336 see—⁸8
531 3287 601 3335 Meas
610 3302 658 3350 pro
670 3288 742 3336 Maur
756 3291 819 3339 Ver.
832 3291 884 3339 LL.
897 3289 940 3338 ed.
950 3287 1031 3337 Ante.
1056 3301 1124 3336 araur
1135 3284 1226 3335 Ambr.

120 3366 160 3416 pr.
176 3355 273 3416 aptatur
284 3351 309 3399 iu
320 3365 375 3400 urus
386 3350 485 3400 Butlid.
501 3351 621 3400 animatur
629 3352 656 3400 iu
666 3357 733 3401 artus
743 3353 848 3416 legebat
860 3353 950 3402 Heius.

622 3495 729 3545 NOTAE
771 3535 774 3541 .

152 3604 171 3663 θ’
185 3611 272 3676 Surgit
279 3611 434 3675 inaurigam]
445 3608 552 3665 Tarii&
559 3625 653 3673 nempe
693 3608 777 3658 denno
790 3623 888 3670 currus,
905 3623 938 3657 ex
956 3621 1006 3673 quo
1017 3607 1078 3672 eqni
1098 3593 1228 3656 deducun-

121 3696 150 3739 et
160 3689 293 3739 mutabilis
303 3687 330 3737 in
340 3687 425 3737 rarior
439 3688 526 3737 vultus
536 3687 654 3737 machina
693 3691 743 3733 tur.
777 3685 812 3733 Et
823 3685 859 3733 sic
870 3699 901 3732 ea·
911 3685 959 3732 alia
969 3697 993 3731 rc
1006 3685 1103 3745 qunque
1108 3682 1183 3744 facit,
1195 3696 1227 3730 ex

121 3778 154 3813 ex
166 3779 243 3814 curru
255 3763 375 3827 pariebat
386 3763 511 3827 aurigam,
523 3769 550 3812 et
565 3778 598 3812 ex
610 3777 653 3812 au·
693 3774 770 3810 curru
779 3760 879 3822 auriga,
888 3766 957 3809 etex
967 3760 1058 3822 auriga
1068 3773 1171 3807 currus.

120 3840 177 3904 rige
194 3855 306 3891 curram.
353 3839 454 3902 Nempe
472 3845 546 3887 tantu
559 3836 610 3886 fuit
626 3828 661 3886 id*
726 3841 742 3884 8
759 3835 842 3898 Maur]
861 3837 939 3898 Lapis
951 3837 1051 3898 ingene,
1067 3842 1096 3884 et
1108 3836 1176 3883 altae
1191 3834 1228 3882 ia·-

121 3914 251 3966 veteribns
265 3915 397 3979 aurigandi
414 3916 522 3976 insania,
534 3921 563 3962 ut
575 3913 655 3963 etiem
695 3918 750 3962 atur
761 3914 864 3974 montis,
874 3915 968 3974 patirur
972 3911 1046 3973 ferri,
1056 3910 1126 3960 ferro
1139 3924 1228 3972 caesur,

120 3990 218 4057 fuerint
237 3994 281 4057 qai
303 3994 329 4041 in
348 3995 396 4042 hoc
416 3992 520 4055 negatio
542 3991 654 4053 magicae
694 3996 723 4038 et
746 3989 847 4038 rinctus
869 3989 1078 4052 ferro,mututur
1096 3989 1124 4036 in
1147 3994 1227 4049 artas,

122 4073 194 4116 artes
202 4066 373 4119 adhibuerint.
544 4093 548 4098 ·
694 4066 773 4115 modo
793 4078 927 4130 equorum,
954 4064 1031 4114 modo
1050 4064 1160 4130 aurigae,
1180 4078 1226 4129 pra

154 4142 463 4207 5Virreditincurrum]
491 4142 532 4195 Ex
552 4143 608 4195 viro
622 4142 654 4194 fit
694 4141 773 4192 variis
783 4142 909 4193 machinae
921 4141 1039 4193 motibus.
1091 4152 1093 4155 ’
