2700 4702
357 301 407 351 na
429 300 487 352 ιιι.
509 300 616 353 oona.
639 301 782 353 soron.
804 301 971 355 ssnrsr.
1129 287 1216 356 aaut

117 441 309 509 ‘Sylracomis
327 443 422 494 vestita
440 443 518 504 viret,
526 443 649 508 nidosque
686 459 794 509 quorum
813 445 911 494 animos
928 446 1000 496 solut
1015 458 1064 510 per
1079 454 1217 511 corporum
1240 491 1243 498 .

117 521 238 586 loquaces
249 519 362 569 Exbibet
371 519 387 569 ι’
398 521 473 584 plura
482 521 514 569 ad
525 535 577 570 rem
586 521 649 569 llar-
687 519 849 568 habitudines
860 521 1067 582 exploraverant.

119 597 188 646 tbins
197 597 266 646 curis
275 596 399 644 secrrnrlis.
418 612 476 644 rnox
488 611 550 644 cave
560 596 649 646 audias
720 596 778 644 Ario
796 596 919 659 nobiliore]
951 595 1128 646 Contcmtrica
1149 596 1219 662 peri·

118 673 237 737 legentes
256 673 375 722 Natarum
393 671 649 722 sireseontrafidem
687 671 812 720 culorum.
848 671 976 720 Nobilitas
993 672 1070 719 animi
1087 679 1218 736 etcorpo-

119 748 326 796 membranarum
337 749 539 810 castigationum.
565 749 650 812 Vlrgi·
687 747 723 795 ris
733 747 758 794 in
770 753 903 797 contemtu
917 755 944 796 at
955 749 1119 809 superatione
1128 747 1221 798 discri-

119 823 146 872 lii
165 823 250 871 locam
269 823 415 873 observavit
436 840 539 890 quoque
551 826 650 876 Nonius
687 823 792 870 minum.
813 824 873 875 Quo
884 822 1063 886 spectatillnd
1076 824 1220 888 vulgatum,

119 899 270 948 Marcellos.
304 898 417 950 Sotionis
436 900 516 950 ‘Ater
528 901 649 951 eatinis:
687 897 840 945 ‘Nobilitas
858 897 912 946 sols
930 904 971 946 eat
986 902 1066 960 atqua
1084 897 1220 948 unicrrir·

119 990 152 1024 es
160 983 310 1038 serpentum
322 976 461 1038 pabulatur
472 991 529 1038 ora,
537 977 651 1040 gratissi·
690 974 747 1023 tus.'
764 974 853 1023 Bortlr.

118 1065 238 1115 mamque
251 1067 283 1100 ex
301 1051 341 1101 bis
357 1067 443 1102 eseam
455 1055 520 1102 nidis
539 1054 590 1103 suis
607 1054 651 1103 de·
722 1053 753 1098 1³
774 1048 942 1112 volueramque
950 1047 1045 1113 polens]
1069 1049 1219 1113 Imperator
1295 1054 1299 1059 '

117 1123 190 1177 fere’
207 1127 309 1178 Glossn
322 1135 433 1190 veteres,
451 1129 653 1192 tlsorobrmlrlus,
689 1129 734 1173 rut
745 1125 880 1189 Princeps·
897 1127 973 1175 Idem.

116 1203 205 1267 μω.
256 1204 327 1254 Naso
351 1204 525 1255 Medicamine
553 1204 650 1256 faciei:
723 1205 754 1251 lt
772 1201 889 1251 Gruterus
903 1199 1003 1265 mnino]
1030 1201 1138 1251 Fulmen
1157 1199 1220 1253 Jorl

62 1285 65 1295 “
118 1276 235 1343 ‘Adjice
252 1278 286 1328 de
303 1281 411 1347 qnerulo
430 1282 559 1331 volucrum
572 1282 652 1330 medi·
690 1283 820 1340 sceptrum
839 1278 903 1327 dant
919 1275 1021 1335 P⁰3iffr
1038 1276 1149 1341 Soellilv
1164 1290 1222 1341 10⁸·

119 1354 222 1403 camina
235 1354 313 1415 nido;
333 1355 388 1405 0re
406 1353 499 1418 sugant
521 1358 652 1418 maculas,
690 1353 807 1402 tutricem
819 1354 951 1418 Aquilam,
967 1360 997 1402 ut
1016 1353 1056 1402 ris
1068 1357 1222 1417 superaret

118 1427 255 1493 Alcyonen
272 1431 384 1483 vocant!
418 1434 518 1483 Seneca
537 1434 652 1484 Heronio
689 1429 845 1479 inevitabilis
859 1437 998 1478 caveretur
1015 1428 1088 1479 bouis
1106 1428 1221 1481 moribus
1305 1443 1309 1493 ζ

119 1505 251 1557 Furente:
277 1507 402 1558 ‘Pendet
422 1523 520 1559 summo
541 1510 653 1559 stridula
690 1502 815 1567 sisinn,
834 1519 936 1568 poeuam
956 1508 1033 1569 atquc
1048 1503 1174 1554 ultionem
1188 1503 1221 1555 iis

119 1595 201 1644 ramo,
219 1582 375 1648 Fennosque
395 1599 462 1634 noro
480 1585 585 1636 tradere
605 1587 652 1636 soii
691 1581 865 1630 administrari
883 1580 1000 1643 ducibus,
1016 1579 1061 1645 qni
1072 1586 1222 1631 essentem·

119 1655 212 1707 Gestit
227 1658 348 1722 querulos
363 1659 433 1709 inter
448 1660 522 1711 nidor
543 1661 654 1711 Thracio
690 1656 761 1706 nium
778 1656 907 1719 acerrimi,
923 1655 945 1702 si
963 1655 1007 1720 qui
1026 1655 1101 1704 malis
1112 1655 1221 1705 seritiis

117 1731 226 1797 pellex!
258 1749 319 1783 mox
338 1735 486 1798 Degenerem
506 1739 582 1789 ninom
602 1739 653 1788 Lo.
691 1732 878 1782 submisissent.
908 1731 984 1779 lrlerr.

119 1823 190 1860 oens.
202 1816 229 1860 et
241 1810 284 1859 alii
296 1812 403 1875 aliquot.
420 1814 455 1863 D.
467 1813 555 1865 Heius.
696 1874 698 1879 .
725 1813 755 1858 lb
773 1807 866 1858 Pieriis
892 1811 1010 1856 lentstssrs
1027 1807 1113 1871 sepias
1133 1805 1223 1872 rntrb]

154 1886 281 1949 Implumes
303 1886 382 1950 moos]
407 1889 467 1938 Nion·
489 1889 652 1940 auctarium
691 1884 983 1935 InumbraStudiornm
1000 1883 1167 1943 Morinorum,
1184 1883 1223 1932 iu·

119 1963 197 2026 pulli,
217 1963 358 2013 Poitaram
378 1981 433 2015 usu.
457 1967 589 2030 Virgilius,
603 1968 654 2017 Ge.
691 1976 741 2025 que
751 1960 969 2024 speculationibus
982 1960 1099 2022 Musicis,
1109 1959 1223 2011 carmine

120 2051 162 2088 rr.
172 2037 206 2086 ‹le
214 2037 314 2102 Apibus
322 2047 351 2089 et
359 2040 653 2092 Hirundinibas:‘01n-
691 2035 795 2097 clausis,
816 2035 965 2100 ingeniique
993 2035 1134 2085 exercendi
1158 2050 1223 2100 ergo

120 2113 298 2165 nianomloto
310 2123 420 2180 mooun,
437 2118 654 2182 ipmqwolon.
692 2113 828 2161 recitatis:
851 2125 920 2160 utino
945 2125 1007 2160 vero
1029 2112 1056 2160 in
1078 2112 1176 2161 Lucem
1194 2125 1222 2160 se

120 2196 161 2240 tes
173 2188 228 2239 Ora
238 2188 335 2253 ferunt,
349 2192 453 2242 dulcem
472 2193 540 2242 nidis
551 2194 654 2243 immiti·
692 2187 800 2250 Regiam
808 2185 904 2236 audere
913 2187 1017 2250 prodire
1026 2187 1100 2248 dicit,
1109 2187 1224 2251 elipsim

120 2266 170 2316 bus
181 2267 285 2316 escam!
301 2268 390 2317 Bortlr.
691 2262 862 2326 Imperatoris
881 2263 985 2311 auribus
1002 2263 1114 2326 probare
1132 2263 1223 2313 Musas

153 2340 297 2405 θητίῳ]
324 2341 361 2392 At
382 2343 487 2393 bumani
507 2345 576 2393 oculi
595 2345 653 2394 luce
691 2354 758 2390 suas.
775 2340 852 2388 lolem.

120 2415 226 2466 directa
246 2426 274 2465 et
295 2418 372 2466 nimia
393 2419 539 2480 laednntur3
569 2433 654 2484 nequa
724 2421 756 2466 lo
772 2418 865 2478 Magna
878 2416 965 2480 hmo]
991 2418 1225 2482 Sanecujuseom·

121 2491 182 2541 ideo
194 2493 241 2540 riri
254 2494 340 2557 magni
352 2499 379 2543 et
390 2509 489 2544 musaeo
507 2510 553 2544 auo
564 2494 654 2559 adfixi,
691 2492 827 2554 paratione
849 2494 908 2542 alim
926 2508 1016 2542 omues
1032 2494 1152 2544 civitates
1167 2490 1224 2544 fue·

122 2573 184 2618 sunt
194 2567 345 2631 degeneres.
364 2571 459 2619 Closer.
692 2570 746 2617 rint
755 2569 855 2617 minuta
865 2569 971 2632 oppida.

155 2647 188 2693 10
204 2643 248 2694 lra
267 2645 380 2708 pmerso]
413 2645 544 2696 Occidis
571 2652 656 2710 patre,
724 2643 774 2692 oro
782 2643 847 2706 Deo]
864 2644 1077 2703 liomaCoelum5
1097 2643 1225 2695 entius·

121 2719 392 2770 scribitAristoteles.
423 2721 510 2773 Bastia.
692 2732 733 2776 as,
745 2717 899 2779 Imperator.
915 2717 1004 2767 Bortls.

155 2800 187 2844 11
200 2797 372 2859 Exploratores
381 2798 460 2861 ignor]
477 2796 518 2846 Ab
529 2797 597 2861 igni„
611 2812 655 2847 no.
726 2796 757 2841 17
773 2794 831 2840 Jarrr
840 2792 946 2840 dominos
952 2792 1032 2856 aures]
1047 2793 1127 2842 Aures
1136 2799 1224 2845 autem

123 2878 183 2921 tura
192 2873 316 2936 exigente
324 2873 418 2922 omnia.
457 2874 501 2923 Sic
514 2874 656 2937 Esplorato
694 2869 813 2918 Dominus
833 2871 998 2932 presentiam
1012 2876 1041 2919 et
1058 2871 1225 2933 approbatio·

122 2946 220 3006 sessori
232 2945 357 3008 Martiali,
366 2948 410 2996 lib.
419 2960 482 2996 vrrs.
494 2948 571 3011 Epig.
582 2951 624 2998 51.
694 2958 753 2993 nem
770 2945 845 2993 simui
867 2943 977 2995 Honorii
999 2945 1131 3008 Principis
1151 2951 1225 2997 sato

156 3026 188 3070 12
206 3021 370 3084 &umque
385 3020 448 3083 orie]
477 3023 528 3071 Res
544 3028 608 3072 notu
623 3036 657 3072 ex
693 3028 827 3083 mancum
840 3022 1098 3085 capartcludioium
1110 3037 1225 3085 protem

123 3097 244 3158 superius
262 3096 400 3160 adscriptis
416 3103 550 3146 auctorum
562 3097 656 3147 serbis.
694 3095 830 3146 Po‘e'ticum
842 3112 914 3161 saepe
924 3098 1067 3160 scriptores
1077 3098 1225 3163 designent.

125 3165 339 3235 Philosophorum
362 3179 450 3222 antem
477 3175 658 3237 prudentiores
695 3171 802 3221 Persius
823 3172 855 3222 de
877 3173 944 3222 acris
960 3171 1056 3236 judicii
1076 3174 1225 3237 Magistro:

124 3249 175 3299 boe
197 3249 318 3311 exemplo
335 3264 387 3298 uon
405 3250 530 3312 quaelibet
546 3251 658 3313 ingenia,
696 3248 818 3298 ‘Stoicus
838 3248 889 3307 bic,
906 3263 994 3298 aurem
1015 3250 1132 3300 mordaci
1155 3251 1225 3300 lotus

125 3332 171 3377 sut
202 3326 333 3390 quoslibet
359 3326 474 3376 homines
501 3327 658 3377 imtitutioni
695 3322 790 3373 aceto!
809 3322 904 3376 Acutae
921 3326 1225 3391 aurenaerejirdicinn.

125 3407 174 3451 aut
189 3400 334 3465 discipline
345 3416 398 3452 sure
416 3401 600 3468 admittebant,
611 3403 658 3455 sed
695 3401 770 3452 len.
