2700 4702
115 289 205 375 idad
441 305 500 355 cn.
523 302 737 358 cnaunmnr
760 301 920 354 xxxva·

117 465 156 529 Si
168 465 283 529 buxos
294 462 408 528 inflare
422 463 534 541 velim,
549 464 651 529 ferale
667 465 869 547 gemiscunt:
1106 496 1110 501 ·
1156 463 1222 530 130

115 564 292 651 Tympana
306 568 336 632 si
349 568 510 650 quatiam,
526 569 683 651 planctus
697 566 780 632 inihi
795 574 953 652 tympana
968 565 1122 633 reddunt.

114 667 171 734 Ah
186 687 314 747 vereor,
329 690 372 734 ne
387 669 467 753 qnid
481 669 680 753 portendant
694 672 807 735 omina
821 669 913 734 veri!
1033 688 1038 701 ·

117 770 197 836 Heu
208 771 318 853 longae
332 790 474 835 nocuere
488 773 612 837 morse!
636 772 757 837 Procul
772 772 865 836 irrita
878 771 968 835 venti
996 796 1000 804 ·

115 872 220 938 Dicta
234 871 350 960 ferant,
363 873 489 937 subicit
504 872 649 958 Cybele:
672 894 737 938 non
752 881 841 939 tantu
855 872 999 937 Tonanti

116 974 291 1056 Segnities,
303 979 339 1038 ut
352 995 418 1039 non
431 995 494 1058 pro
508 978 645 1059 pignore
658 975 797 1040 fulmina
809 975 928 1040 mittat.
1154 974 1223 1042 1³5

116 1074 134 1139 I
150 1082 275 1152 tamen,
286 1080 320 1138 ct
334 1077 424 1139 nullo
439 1078 573 1140 turbate
587 1086 749 1141 revertere
762 1095 858 1142 casn.

159 1175 250 1242 Haec
264 1177 333 1254 ubi,
349 1177 526 1260 digreditur
541 1179 695 1262 templis:
718 1178 778 1242 sed
791 1179 886 1243 nullu
898 1178 1004 1242 ruenti

114 1382 198 1418 manas
208 1381 277 1416 meae
283 1373 364 1431 martie
381 1369 505 1419 uerierunt
515 1371 591 1421 onam
609 1371 759 1421 attomtam!
783 1370 813 1420 st
824 1369 917 1434 cupiam
934 1366 1052 1431 inspirare
1061 1366 1144 1424 iiiia&
1160 1380 1224 1416 ''²⁸⁰-

115 1437 175 1482 rraat
186 1432 298 1490 somate:
314 1432 435 1490 siseriam
450 1440 570 1499 tympana,
588 1441 702 1500 tympano
713 1435 839 1486 remittant
849 1434 909 1484 milri
918 1433 1042 1494 gemitum.
1073 1431 1134 1480 aa!
1150 1433 1223 1480 timeo

115 1511 145 1545 ne
157 1497 213 1545 haec
230 1496 352 1559 macagio
367 1499 500 1560 predicant
519 1501 610 1562 aliquid
628 1501 745 1549 veritatis.
778 1499 855 1548 Heu!
881 1497 1093 1561 expectatulum
1111 1497 1223 1544 &amosa

116 1564 152 1609 est
162 1560 232 1609 mihi.
268 1561 355 1624 Cybele
363 1565 501 1626 respondet:
523 1564 595 1614 Venti
615 1565 728 1625 auserunt
739 1566 806 1627 louge
821 1562 892 1612 ceria
912 1571 956 1611 tna
966 1575 1035 1622 oona,
1045 1575 1061 1610 o
1071 1558 1169 1608 Ceres:
1186 1573 1222 1607 oo·

117 1626 199 1674 cordia
210 1630 278 1674 tanta
288 1640 335 1674 aon
345 1632 380 1675 eet
396 1628 461 1689 doci,
471 1632 498 1676 at
508 1643 554 1677 aon
573 1634 680 1692 torqroeut
700 1629 806 1677 tonitrua
813 1642 858 1690 pro
866 1626 925 1692 fllia
936 1625 1096 1687 Proserpina
1107 1639 1115 1682 ;
1132 1628 1221 1684 tamen,

116 1689 161 1751 ito,
179 1695 203 1738 et
213 1691 266 1738 redi
285 1691 349 1738 malla
365 1693 495 1753 perterrita
514 1694 657 1742 calamitate.
690 1694 820 1755 Postquam
832 1692 912 1741 Ceres
925 1689 990 1738 dixit
1002 1690 1052 1738 lroec
1063 1689 1154 1747 verbu,
1170 1689 1222 1736 exit

118 1767 152 1809 ex
163 1753 276 1804 delubria:
294 1761 320 1804 at
339 1757 403 1805 nullo
424 1757 533 1806 celeritas
552 1756 648 1808 sufficit
658 1757 801 1817 festinanti.-
817 1755 965 1819 conqueritur
979 1755 1114 1803 Dracones
1128 1752 1226 1814 jugules

581 1883 760 1904 Memnon

117 1973 207 2021 ladani
218 1971 307 2022 Ambr.
319 1978 381 2022 tert.
393 1978 528 2024 vet—130
544 1974 619 2024 luxae
633 1981 687 2024 tres
697 1976 770 2024 Vett.
782 1979 810 2022 et
822 1974 846 2023 d.
864 1973 922 2023 Pal.
942 1973 1058 2021 Florent.
1078 1971 1129 2020 dno
1148 1971 1223 2021 Med.

118 2037 212 2086 Heins.
224 2037 258 2086 ll.
270 2043 297 2087 et
307 2037 358 2087 inc.
365 2037 449 2102 ejusd.
462 2040 523 2088 Put.
532 2040 597 2101 Reg.
609 2041 710 2088 Bonon.
718 2039 822 2087 Tholos.
832 2038 927 2087 Moret
937 2051 976 2100 pr.
985 2037 1071 2086 Oxou.
1080 2051 1120 2098 pr.
1130 2032 1224 2087 Ambr.

119 2107 182 2150 tert.
196 2102 245 2150 dno
256 2102 317 2153 Jun.
329 2110 382 2152 tres
394 2103 487 2153 Peter.
501 2100 564 2152 Exc.
577 2105 670 2152 Petuv.
683 2107 848 2167 quart—131
863 2104 985 2166 planctum
996 2103 1056 2149 Vnt.
1068 2100 1153 2163 quint.
1163 2099 1223 2151 edd.

118 2166 206 2214 Purm.
217 2165 291 2216 lant.
304 2166 394 2217 Perrh.
412 2167 505 2230 Isingr.
517 2168 618 2231 Gryph.
638 2168 720 2218 Colin.
732 2167 841 2230 Ruphel.
863 2168 971 2230 planetas
988 2166 1174 2213 monnicam
1184 2165 1223 2214 vi·

119 2231 185 2292 giuti
194 2230 263 2305 ullis,
274 2230 334 2280 Ald.
346 2239 375 2280 ct
393 2232 732 2296 Var.1.u.emarg.Parm.
749 2232 794 2281 tilii
805 2233 866 2280 Pnt.
885 2231 937 2279 duo
956 2230 1049 2278 Petav.
1068 2228 1130 2277 Ver.
1142 2229 1195 2278 Lb.
1208 2242 1223 2278 c

118 2294 342 2407 tritititii:
353 2293 1066 2410 estitit‚iitiiifititlt„lia'iuitltt
1082 2292 1223 2407 liiii:

118 2430 159 2486 pr.
186 2426 321 2484 portentent
333 2422 419 2472 0x0n.
430 2438 481 2474 sec.
505 2426 728 2486 proeimdaotExc.
746 2424 840 2473 Petav.
859 2421 944 2488 quart.
967 2423 1092 2485 protendat
1103 2422 1164 2470 Vet.
1183 2436 1223 2486 pr.

118 2487 196 2534 omnia
208 2486 258 2534 duo
268 2486 361 2535 Peter.
372 2485 431 2536 Ald.
448 2488 525 2536 omina
538 2491 579 2536 vel
589 2490 678 2538 somnia
690 2494 741 2537 aet.
751 2489 815 2552 Gyr.
831 2493 914 2538 nostra
925 2501 973 2550 pro
983 2487 1034 2535 ceri
1044 2484 1118 2534 Med.
1136 2500 1224 2543 sec.—

119 2553 168 2599 133
185 2549 243 2598 Heu
253 2551 329 2611 longo
342 2551 460 2601 Florent.
481 2551 555 2601 Med.
577 2559 661 2616 quart.
681 2552 745 2602 Exc.
764 2553 840 2601 Laeti.
857 2552 900 2600 Ha
921 2553 981 2600 Vnt.
993 2565 1045 2600 sec.
1064 2558 1092 2598 et
1111 2548 1137 2598 d.
1158 2548 1222 2599 Cod.

119 2614 263 2663 Bartholin.
280 2615 342 2663 Huc
351 2615 443 2664 Pctnv.
456 2631 507 2666 sec.
525 2617 574 2665 Hoe
584 2619 646 2665 Pat.
659 2617 709 2666 duo
721 2616 814 2666 Peter.
825 2616 923 2665 Moret.
936 2629 973 2678 pr.
985 2615 1047 2665 lon.
1058 2622 1085 2662 et
1096 2613 1174 2662 Voss.
1184 2628 1223 2676 pr.

95 2704 101 2714 ·
119 2679 184 2728 Eac.
195 2678 289 2728 Peter.
301 2686 387 2742 quart.
405 2681 443 2729 Ne
453 2682 515 2731 Vnt.
530 2687 590 2732 tert.
603 2681 659 2730 Pal.
671 2682 744 2731 Med.
756 2696 796 2744 pr.
812 2681 864 2730 inc.
876 2679 967 2729 Heius.
980 2678 1021 2728 ed.
1038 2678 1127 2726 Purm.
1140 2683 1169 2726 et
1179 2679 1225 2725 vi-

119 2751 173 2792 cet.
199 2743 356 2793 HarelHoe
365 2743 441 2794 Voss.
458 2760 509 2795 sec.
536 2747 633 2795 Noevel
648 2746 701 2796 Heu
714 2747 800 2796 Oxou.
819 2759 859 2809 pr.
887 2745 921 2793 Et
933 2746 1015 2805 longas
1032 2742 1136 2791 nocamse
1147 2755 1225 2791 morae

119 2807 269 2872 Rege-lili
285 2808 364 2857 saleit
384 2807 469 2861 Oxou.
481 2825 521 2874 pr.
537 2811 611 2860 saliit
623 2811 673 2860 duo
691 2812 765 2860 Vatt.
785 2816 814 2859 et
830 2808 856 2858 d.
876 2809 978 2857 Borion.
996 2807 1099 2856 'llroloa
1109 2807 1173 2857 lun.
1185 2821 1224 2869 pr.

121 2871 207 2922 Oxou.
220 2886 273 2923 sec.
285 2874 349 2923 Exc.
365 2874 457 2924 Peter.
488 2881 555 2924 aart.
571 2875 652 2924 micat
665 2875 721 2924 Pal.
733 2874 804 2924 Med.
815 2887 854 2937 pr.
867 2873 960 2921 Petav.
971 2885 1023 2920 sec.
1039 2875 1160 2919 nectente
1171 2877 1223 2919 tres

117 2936 192 2986 Vatt.
205 2943 232 2986 et
244 2935 268 2985 d.
279 2938 394 2986 Florent.
406 2938 456 2986 inc.
498 2939 560 2987 eins.
572 2940 633 2988 Put.
652 2939 720 3000 Reg.
739 2939 839 2987 Bonon.
854 2937 944 2986 Ambr.
956 2941 1017 2985 tert.
1028 2934 1088 2984 Ald.
1100 2937 1161 2983 Ver.
1172 2935 1224 2985 LL.

120 3015 136 3049 e
146 3016 228 3067 marg.
239 3001 325 3049 Parm.
340 3016 396 3050 aum
405 3006 472 3050 tantu
484 3002 544 3052 Jun.
556 3016 609 3051 sec.
627 3018 656 3052 ue
666 3002 739 3052 Med.
752 3017 790 3066 pr.
802 3001 894 3050 Heius.
906 3001 942 3050 ll.
952 3000 1057 3049 Tholos.
1068 3006 1122 3048 tres
1132 3000 1225 3050 Pctus.

120 3091 201 3137 -135
215 3111 233 3177 p
250 3091 336 3151 prout
353 3089 725 3154 Florene.-1scaraampr0
746 3089 842 3139 tardata
858 3090 918 3139 Vct.
938 3102 976 3153 pr.
996 3087 1060 3138 Cod.
1079 3086 1226 3137 Bartholin.

119 3182 211 3236 Ambr.
223 3191 367 3238 tert—lii
377 3188 439 3237 Hac
448 3189 485 3240 ita
495 3191 571 3240 Voss.
583 3206 624 3254 pr.
636 3190 687 3241 inc.
699 3189 791 3240 Heins.
801 3190 863 3238 Ver.
876 3190 928 3238 LL.
941 3202 956 3237 e
968 3201 1047 3248 marg.
1056 3185 1144 3234 Perm.
1163 3185 1226 3234 Hoec

118 3248 156 3298 ita
167 3250 209 3299 rel
220 3251 317 3302 Limina
329 3253 395 3316 Reg.
407 3253 469 3303 Hoc
479 3255 517 3304 ita
528 3256 572 3304 vel
583 3256 646 3304 Hac
656 3255 696 3305 ubi
705 3255 757 3304 ‘vel
768 3254 863 3303 limina
873 3255 949 3302 Voss.
962 3266 1003 3315 pr.
1024 3251 1112 3300 Oxou.
1124 3263 1164 3312 pr.
1190 3263 1228 3297 re·

71 3335 73 3339 Α
119 3313 357 3368 certiAmbr.tert.
383 3317 628 3370 videtardroutt.
652 3319 784 3370 montisel
801 3317 969 3380 reomtiReg.
986 3313 1225 3364 raeativelcidetar
1261 3379 1262 3383 Ἰ

617 3451 728 3503 NOTAE

121 3558 178 3607 tint.
211 3556 244 3606 ld
266 3559 336 3624 qnod
355 3567 396 3610 est
418 3561 518 3629 signnm
540 3562 650 3631 alicujus
725 3567 772 3612 135
790 3563 907 3626 Pignore]
933 3560 986 3610 Pro
1012 3558 1074 3622 tilia,
1096 3573 1154 3624 quoe
1184 3565 1226 3610 est

121 3633 286 3683 calamitatis.
691 3640 856 3702 Proserpina.

154 3713 202 3759 130
218 3706 652 3770 Baxos]'1'ibiast’uctasexbuxo.
724 3720 773 3766 136
790 3715 807 3764 1
824 3714 914 3778 tamea]
938 3713 1059 3763 Formula
1077 3711 1226 3777 optantium

155 3785 251 3849 Ferale]
277 3785 310 3834 Id
333 3791 382 3849 est,
403 3786 478 3836 ferali
499 3793 528 3838 et
547 3787 651 3839 funesto
691 3791 754 3842 felix
767 3793 825 3841 iter.

121 3860 207 3908 ¹110d0·
724 3872 773 3918 1³7
790 3867 838 3916 Sed
848 3868 914 3916 nulla
933 3865 1013 3915 ruenti
1034 3864 1161 3928 mobilitas,
1172 3864 1226 3929 dm]

155 3939 202 3984 131
223 3938 473 4003 Ventidictaferaat]
499 3942 652 4007 Vanaque
692 3945 736 3994 lte
755 3943 827 3992 nulla
847 3949 920 3992 tanta
948 3948 990 3995 est
1012 3941 1144 4002 celeritas,
1165 3955 1224 4008 qaue

122 4017 214 4059 carent
224 4011 328 4075 effectu,
339 4030 371 4064 ea
382 4016 453 4065 venti
469 4017 591 4072 dicuntur
600 4018 653 4074 fer·
693 4019 754 4074 satis
764 4015 875 4073 sufficiat
885 4015 1009 4069 festinare
1022 4016 1147 4082 cupienti.

123 4098 162 4148 re,
173 4083 332 4154 discerpere,
342 4089 465 4145 lacerare.
