2700 4702
204 285 293 356 istu
374 299 485 352 noun
509 298 713 351 vauronurs
738 297 779 348 ru
803 298 863 350 cn.
886 298 1026 349 cason.
1048 297 1149 348 xvir.

236 449 268 497 71
294 443 344 496 Hic
364 446 460 512 mm
480 444 560 510 quis]
592 443 736 495 Notissima
773 441 931 492 certitudine
942 456 1062 494 smsuum
1071 441 1141 505 qnod
1154 439 1298 504 dixi‚pleus

203 521 455 574 ibaletisdoctrius.
478 524 549 588 laege
559 522 736 585 Plutarchum,
772 523 833 567 sunt
854 518 948 568 omnia.
979 517 1047 566 Vide
1065 516 1222 567 Ciceronem
1238 515 1300 567 Acs·

205 599 348 662 Diogenem
360 599 563 662 Leirtium,l.r.
772 594 889 645 demis.
922 594 959 643 At
970 594 1001 642 de
1019 593 1171 656 cognitione
1191 591 1301 642 veritam

205 712 208 717 .
237 673 568 738 nonsummum]
594 671 636 722 lta
647 670 735 734 docet,
772 669 799 718 iu
811 671 886 720 rebus
897 670 1012 734 loquitur
1027 668 1205 719 Claudianus:
1222 668 1301 718 inhac

203 750 466 812 utpmcrearisideri
479 751 550 799 velit.
574 747 735 797 Heraclitum
773 745 1155 806 certitudinemnonesse‚cum
1163 743 1301 806 Ensipsura

204 823 258 874 dici
267 825 374 874 clerum.
396 825 482 875 Basti.
772 819 956 884 comprehendi
975 827 1101 884 nequeat,
1122 819 1204 868 docet
1225 819 1302 869 Ploti-

235 905 270 952 71
287 902 435 952 lnAEtsoeus
452 918 548 952 casurus
565 907 646 966 sponte
659 902 736 962 fucil-
772 909 830 945 nus.
848 896 937 947 Rarus·
1293 910 1296 915 '

205 975 253 1038 iss]
269 977 410 1026 Notissima
425 978 480 1026 sive
491 977 610 1026 Historia
621 976 675 1026 sive
687 977 735 1025 Fa·
804 976 837 1022 76
853 972 904 1021 Hie
921 986 1011 1034 nuspa
1021 972 1124 1034 hpmoe
1136 971 1242 1034 pondero
1259 975 1302 1020 ter·

204 1051 265 1102 bnis
276 1052 310 1100 de
320 1053 486 1116 Empedoclis
497 1060 597 1113 morte;
614 1052 657 1117 qni
667 1052 735 1101 inter
771 1048 818 1110 ra]
838 1049 976 1112 Eleganter
993 1048 1141 1097 bominibus
1152 1062 1258 1111 operum
1268 1048 1302 1111 ip-

202 1125 301 1179 ,deiiros
320 1127 456 1190 Sophistas
478 1128 562 1177 locum
586 1126 734 1190 Principem
771 1139 825 1174 sam
843 1124 968 1173 adscribit
983 1138 1080 1185 renim,
1093 1138 1158 1188 quus
1169 1124 1236 1174 tales
1250 1138 1303 1174 cou-

204 1200 320 1252 smbieus
348 1202 464 1265 nuspiam
494 1203 605 1266 reperiri
636 1203 736 1264 maluit,
773 1201 931 1262 siderabunt,
948 1205 993 1249 eut
1011 1199 1154 1249 docebant.
1190 1199 1302 1249 Celebris

206 1276 400 1340 quumbumano
411 1277 621 1327 moretumulnri.
654 1278 736 1327 Hora·
772 1283 859 1327 autern
878 1277 965 1340 opinio
984 1275 1154 1338 rapiditatem
1167 1275 1302 1325 circumvo-

205 1351 257 1402 tius
272 1351 393 1415 frigidum
410 1360 486 1403 uocat
503 1354 529 1401 iu
547 1353 602 1417 ipso
620 1352 665 1403 illo
683 1353 735 1402 lm·
771 1354 877 1403 lotionis
888 1354 1000 1403 coelestis
1011 1353 1069 1416 ipso
1080 1366 1127 1402 suo
1139 1353 1241 1415 impetu
1252 1366 1301 1402 sus·

203 1429 370 1479 mortaiitatis
388 1430 454 1479 saltu
474 1431 566 1493 dogma
584 1431 663 1481 etiam
679 1430 734 1480 illu·
772 1429 856 1476 tinere
867 1442 961 1491 corpus
981 1434 1115 1488 terrestre,
1134 1427 1162 1476 in
1174 1427 1236 1477 s'dre
1247 1441 1301 1492 peu·

203 1504 285 1554 deust
302 1506 310 1533 ‘
322 1505 396 1554 Deus
407 1505 555 1554 immortalia
564 1505 654 1555 baberi
663 1506 735 1556 Dum
772 1501 847 1562 deus,
858 1515 890 1550 ne
902 1502 1023 1554 labatur..
1031 1503 1110 1552 Idem.

203 1579 277 1643 cupit
290 1579 460 1645 Empedocles
477 1582 611 1632 ardentem
624 1580 734 1645 frigidus
804 1583 836 1628 78
852 1580 1010 1642 Accenditque
1023 1577 1098 1640 diem]
1115 1580 1204 1629 Solem
1223 1579 1284 1630 dicit
1293 1596 1301 1642 ς

203 1653 307 1707 AEtnam
319 1656 440 1707 insiluit!
457 1660 533 1709 Idem.
772 1670 848 1719 quem
862 1656 968 1705 Patrem
985 1655 1039 1704 diei
1049 1653 1192 1705 Pindarus.

235 1735 268 1781 7⁸
279 1732 407 1796 Dispergit
417 1741 555 1799 remeatque
562 1735 652 1799 Deam]
661 1736 735 1783 Men.
804 1731 927 1794 Proerspti
937 1731 1030 1780 turbins
1040 1731 1108 1793 saus]
1126 1731 1252 1781 Futilinm
1260 1730 1301 1781 ba·

203 1812 258 1857 tem
268 1821 367 1858 sectam
379 1809 492 1859 docebat
506 1811 677 1873 Empedocles
688 1824 735 1872 per
771 1806 917 1855 lathrouum
936 1804 1010 1856 fuere
1021 1805 1101 1870 aliqui
1113 1806 1160 1870 qui
1170 1807 1257 1856 Solem
1266 1807 1301 1856 iu·

202 1881 452 1934 universadiffnsam
463 1893 734 1948 moveseetusgetnre
770 1894 834 1944 gens
862 1897 951 1956 saxum
974 1897 1033 1934 esse
1059 1889 1300 1936 commentaremur.

204 1958 299 2010 omnis.
333 1960 373 2008 Ex
384 1975 416 2010 ea
428 1961 546 2024 opinione
559 1960 643 2010 haunit
658 1962 734 2010 Maro
771 1959 862 2008 Barth.

202 2033 303 2084 divinos
313 2035 370 2084 illos
379 2050 476 2096 uersus,
485 2037 672 2101 quibusmundi
681 2039 734 2086 ani·
802 2040 835 2084 79
855 2036 950 2100 Unopse
967 2036 1018 2098 tegi
1028 2051 1075 2086 ssosu
1088 2051 1176 2100 pusssu
1189 2033 1299 2101 Olympo]

201 2122 270 2159 mam
281 2110 368 2159 Deum
379 2111 489 2160 cecinit:
507 2113 657 2176 ‘totamque
668 2112 733 2173 inip-
770 2110 901 2173 vagorum
924 2112 1054 2161 bominum
1074 2113 1219 2163 vanitatem
1236 2112 1300 2165 scits

203 2198 232 2233 ss
242 2199 289 2246 per
306 2191 378 2237 sutus
395 2187 472 2236 Mens
492 2188 575 2250 agitat
591 2189 694 2251 molem,
706 2195 734 2239 et
769 2186 865 2248 argunt.
897 2188 946 2237 Tot
958 2187 1067 2237 mundos
1080 2187 1231 2239 sciscebant
1240 2201 1299 2236 non·

201 2273 294 2322 magno
306 2276 334 2311 se
343 2266 455 2326 stupore
465 2264 574 2314 miscet!
770 2261 841 2325 nulli,
850 2269 913 2325 quot
922 2269 1006 2311 essem
1017 2263 1110 2312 stellae.
1127 2263 1205 2313 Idem.
1325 2294 1327 2298 -

235 2335 397 2401 iimocutpue]
430 2339 461 2389 ln
483 2339 581 2402 singula
607 2341 732 2390 videlicet
801 2339 832 2385 ill
850 2339 960 2396 Angusto
977 2343 1071 2399 pectore
1089 2339 1200 2401 mundos]
1230 2335 1299 2388 scits

202 2416 331 2460 creaturae
344 2427 464 2475 corpora,
482 2428 570 2463 acuis
582 2430 667 2465 renim
677 2416 733 2466 uni·
764 2409 841 2472 jum
869 2412 953 2473 posito
985 2412 1109 2474 Epitheto
1144 2412 1297 2463 seulenlim

202 2498 343 2545 sensarum,
352 2486 484 2550 totiusque
495 2495 631 2539 creaturoe.
770 2500 839 2539 susm
849 2487 1001 2551 declaravit,
1010 2489 1130 2539 nimirum
1138 2491 1248 2543 bominis
1258 2503 1297 2541 eo·

233 2560 382 2625 Remcotqroe
393 2561 484 2625 Deum]
507 2565 566 2625 Vel,
583 2565 645 2614 diesu
655 2565 732 2628 prim.
769 2568 845 2611 uatus
856 2562 978 2612 ridiculos
990 2578 1046 2614 esse
1058 2564 1091 2614 ad
1103 2565 1197 2617 talium
1214 2580 1297 2616 rernm

141 2624 144 2631 ⁴
199 2636 322 2687 vatican.
340 2637 407 2702 quod
420 2647 448 2687 et
464 2639 490 2689 in
500 2640 587 2689 multis
603 2640 659 2689 uilis
671 2640 732 2705 legi·
770 2636 923 2687 doctrinam.
941 2639 1016 2689 idem.

80 4316 181 4428 ἱ

201 2719 254 2763 tur.
271 2713 353 2763 miuus
366 2714 441 2762 bene.
460 2716 494 2765 D.
508 2710 603 2765 Heius.
802 2716 834 2763 82
854 2713 921 2774 Vaga
940 2713 1083 2777 primordia]
1111 2713 1221 2767 Atomos
1239 2717 1296 2767 doc·

233 2789 381 2852 Rursumqus
392 2791 503 2855 receptis]
529 2790 653 2841 Abundat
673 2806 731 2841 vox.
771 2787 838 2836 trinu
849 2788 985 2852 Leucippi,
1006 2789 1166 2854 Democriti,
1175 2793 1296 2856 Epicuri;

199 2864 268 2915 Satis
277 2865 344 2917 euim
356 2864 434 2929 foret,
441 2868 462 2916 si
470 2869 569 2932 receptis
575 2868 729 2932 scripsisset.
768 2877 846 2916 caecae
868 2865 949 2927 plage
967 2879 1048 2916 nexus
1061 2871 1089 2914 ct
1103 2866 1201 2918 humuli
1211 2868 1296 2918 deliris

200 2941 292 2991 arth,
767 2938 911 2988 hominibus
932 2939 996 2989 ficti.
1041 2942 1103 2990 Vise
1132 2943 1296 2995 Lucretium:

232 3020 264 3066 74
282 3016 366 3068 Nectit
375 3020 487 3068 amicitiis
497 3021 604 3083 quioquid
613 3022 730 3071 discordia
767 3015 933 3066 Lactantinm
944 3016 977 3064 de
988 3016 1032 3066 ira
1044 3017 1104 3076 Dei,
1115 3032 1140 3066 c.
1152 3031 1181 3066 x.
1198 3019 1272 3073 idean.

198 3092 280 3154 soluit]
316 3094 553 3144 vetustissimorum
589 3097 730 3160 Sopbornm
799 3094 831 3140 83
849 3091 954 3154 Numina
981 3092 1125 3141 miiitum
1153 3092 1211 3155 alii]
1243 3094 1294 3143 Fir·

198 3166 328 3217 sententia
339 3175 390 3227 est,
401 3170 485 3218 omnia
500 3170 641 3218 secundnm
657 3171 730 3221 litem
769 3172 850 3230 mani,
865 3167 1016 3230 expediunt,
1034 3174 1064 3215 ui
1081 3169 1135 3217 sint
1146 3170 1229 3233 velut,
1239 3184 1293 3234 quis

198 3239 265 3303 lieri,
281 3241 398 3303 principe
415 3251 569 3293 assertorum
586 3246 730 3296 Heraclito.
767 3250 843 3293 sulcu
854 3243 1017 3293 consuerant
1034 3252 1115 3295 certe.
1148 3246 1295 3295 Irrisiosal·

197 3315 274 3366 Idem
295 3316 387 3388 dogma
406 3319 580 3382 Empedoclis,
602 3323 730 3371 contraria
766 3334 804 3380 sa,
814 3326 843 3368 ut
854 3327 936 3369 totum
947 3320 996 3368 boc
1007 3333 1120 3383 comma,
1132 3321 1168 3370 de
1181 3322 1293 3372 Philoso·

197 3391 318 3444 nimirum
345 3393 483 3443 Elementa
523 3395 728 3460 considerantis3
766 3397 831 3459 piris.
863 3396 1002 3446 Dubitstio
1019 3396 1155 3446 baecinter
1170 3404 1293 3449 canumet

196 3466 344 3517 inimicitias
356 3473 383 3516 et
400 3468 524 3518 amicitias
535 3472 620 3520 omniu
630 3470 728 3535 facere,
765 3470 835 3521 Deos
862 3471 977 3535 tangitur
1002 3472 1089 3536 priore
1114 3474 1142 3522 in
1165 3473 1291 3528 Rufinum.

196 3543 244 3593 bas
256 3543 443 3608 connectendo,
454 3544 511 3593 illas
523 3544 685 3596 dissolvendo
701 3548 728 3596 in
765 3546 841 3597 idem.

198 3619 277 3668 vitem
293 3624 321 3668 et
340 3626 446 3669 mortem
465 3620 585 3686 quicquid
600 3622 683 3685 spirat
699 3630 728 3674 et
797 3627 830 3673 84
848 3625 976 3674 Graium
994 3624 1112 3687 obscuros]
1140 3627 1209 3678 Quia
1230 3628 1292 3678 Cou-

198 3693 270 3744 uisit.
288 3695 363 3743 idem.
764 3698 846 3747 sulem
873 3700 1017 3751 Romanum
1044 3701 1145 3762 laudnt,
1173 3703 1292 3767 deprimit

228 3772 259 3820 75
279 3768 390 3830 Corporis
400 3768 438 3818 iric
449 3770 544 3820 domnoi
553 3773 645 3836 sensus]
662 3775 726 3839 Sup·
765 3775 877 3824 Graeciae
895 3776 1030 3838 res‚modo
1051 3777 1196 3842 literarum,
1216 3794 1293 3842 supra

197 3843 314 3908 putando
322 3859 353 3893 eo
365 3842 555 3896 faciledesenit
567 3849 676 3899 bumana
687 3865 726 3900 rs·
764 3864 900 3901 asinorum.
934 3852 976 3901 De
995 3852 1156 3903 obscuritate
1175 3855 1291 3919 ejusdem

196 3919 244 3983 tio,
256 3926 294 3981 ut,
305 3935 363 3984 quse
376 3922 491 3972 sensibus
507 3925 726 3988 comprehendun·
763 3927 848 3989 gentis
862 3925 1016 3991 scripturum
1028 3929 1096 3977 idem
1114 3931 1232 3994 queritur
1242 3933 1290 3982 In·

196 4000 249 4058 tur,
260 3995 363 4045 incerto
374 3996 435 4046 sciri
446 4004 474 4047 et
483 4001 615 4064 cognosci,
627 4001 725 4064 perspi·
763 4009 827 4052 uret.
847 4001 894 4054 lib.
910 4015 930 4055 ι.
956 4003 1042 4052 ‘Nou
1056 4018 1098 4052 me
1122 4006 1203 4055 animi
1224 4003 1292 4057 fatus

195 4082 257 4120 cere
269 4071 362 4122 velent.
599 4111 605 4120 .
760 4077 902 4141 Graiorum
919 4078 1028 4145 obscura
1049 4089 1157 4144 roperta
1176 4082 1291 4136 Difficile

232 4139 449 4212 irrumpendas·
466 4148 601 4218 Pemegu]
623 4152 724 4204 Dein·
760 4147 995 4207 illastrurebstiuis
1006 4156 1124 4209 verubus
1135 4159 1211 4215 cml
1292 4208 1296 4218 ,
