2700 4702
101 300 193 365 1006
417 313 475 362 or..
498 311 712 361 annuemus
736 312 880 363 xxxvi.

105 459 160 527 An
174 461 296 526 coelum
310 459 445 522 Titanes
457 458 600 520 habenti
623 457 710 534 Qum
728 459 807 522 talia
821 458 901 521 vivo

105 562 199 627 Ausa
212 562 362 624 Tonante
376 560 516 623 manus?
538 561 668 640 rupitne
683 559 839 642 Typhoia
853 558 968 623 cervix

105 665 294 729 Inarimeul
318 663 464 726 fractane
474 663 546 745 jugi
562 682 723 744 compage
737 662 862 725 Vesevi

105 765 298 850 Alcyoneus
311 786 370 848 per
380 771 497 845 stagna
507 765 610 846 pedes
625 765 794 847 Tyrrhena
812 762 977 826 cucurritl
1143 759 1209 826 18⁵

106 866 162 932 An
176 868 288 932 vicina
302 867 381 930 mihi
396 866 567 948 quassatis
581 866 736 928 saucibus
752 866 853 928 AEtna

104 1048 240 1108 Ausonius
251 1044 484 1117 mansdamiuatur]
517 1047 556 1095 An
574 1047 686 1108 gigantes
707 1051 875 1109 occuparerunt
893 1042 989 1108 palum?
1023 1044 1084 1099 Qua
1103 1047 1208 1106 potestas

105 1128 162 1162 ausu
173 1120 212 1162 ost
230 1112 314 1161 facere
327 1113 374 1161 tale
385 1112 491 1170 crimen,
507 1113 567 1159 Joue
583 1109 695 1161 uiuente?
713 1113 790 1173 Caput
804 1111 902 1174 Typhon
919 1125 950 1157 an
968 1107 1048 1169 fregit
1065 1105 1208 1157 Iuarimeu?

103 1178 144 1228 An
154 1177 286 1241 Alcyoneus
294 1178 363 1240 pules
373 1181 473 1237 mgatur
481 1189 524 1238 per
531 1191 596 1224 nare
608 1176 733 1237 Thuscum,
744 1178 823 1238 ruptis
837 1174 1006 1234 fundamentis
1021 1169 1135 1222 venuit
1167 1172 1207 1222 An

105 1419 268 1468 Heius.Var.
288 1419 340 1467 LL.
359 1433 374 1467 e
394 1433 476 1482 marg.
498 1420 667 1468 Pam—182
683 1419 724 1467 An
740 1421 805 1467 Exc.
823 1417 897 1467 Laeti.
915 1419 973 1466 Jam
991 1416 1071 1464 culum
1090 1415 1207 1464 chartac.

104 1483 197 1533 Heius.
209 1483 250 1532 ed.
260 1484 346 1532 Vicet.
355 1485 419 1532 Juno
429 1499 476 1546 pro
493 1486 545 1532 uiuo
557 1485 621 1532 Euo.
634 1484 724 1532 Petav.
745 1489 828 1546 quart.
840 1499 897 1548 quae
910 1482 936 1529 in
948 1497 986 1529 vs.
1006 1495 1061 1543 seq.
1080 1494 1150 1527 rnanu
1162 1493 1207 1541 pro

103 1561 186 1595 manus
196 1547 326 1596 exhibent.
345 1547 454 1610 rupitque
464 1549 537 1597 Voss.
550 1564 587 1611 pr.
604 1547 710 1610 Tiphoei'a
722 1549 763 1597 ed.
776 1549 861 1596 Vicet.
874 1546 934 1595 Ald.
948 1545 1054 1609 Typhei‘a
1065 1544 1106 1592 ed.
1117 1543 1206 1592 Parm.

105 1619 132 1660 et
145 1612 266 1660 Perrhae.
286 1619 314 1661 et
336 1613 400 1661 aliae.
415 1611 585 1675 TyfeioVoss.
609 1613 705 1676 Tiphoea
727 1613 788 1663 Juu.
811 1612 915 1675 Typhoeu
939 1609 979 1658 ed.
999 1609 1089 1658 Barth.
1112 1608 1209 1670 Typhea

103 1675 177 1725 Meu.
193 1677 277 1737 coniux
290 1690 336 1739 pru
350 1677 430 1725 cervix
441 1678 500 1726 Vat.
512 1692 563 1726 sec.
574 1677 711 1726 Pet-les
727 1677 854 1725 [nunonem
865 1677 915 1724 inc.
928 1674 1019 1722 Heius.
1032 1675 1096 1721 Exc.
1135 1677 1206 1720 etav.

65 1781 74 1798 ,
105 1747 191 1803 quart.
202 1741 421 1790 InarimesMoret.
434 1756 472 1802 pr.
482 1742 616 1805 lucerinum
628 1743 714 1791 Oxou.
733 1756 771 1803 pr.
784 1756 841 1790 cum
854 1742 938 1802 glossa
950 1753 1022 1801 seqq.
1039 1739 1064 1783 iu
1076 1735 1209 1786 v111.AEu.

103 1816 143 1853 rx.
156 1820 194 1853 vs.
207 1810 262 1854 716.
279 1805 410 1853 ‘Inarime
426 1806 499 1856 Jovis
519 1806 634 1869 imperiis
652 1807 761 1869 imposta
780 1806 910 1868 Typhoeol
928 1801 1040 1860 fracture
1059 1801 1119 1849 Pnt.
1131 1800 1207 1851 Voss.

103 1883 144 1932 pr.
164 1869 250 1917 Onon.
273 1884 324 1917 sec.
341 1869 541 1930 fructuqueVat.
565 1885 604 1932 pr.
625 1877 653 1919 et
678 1878 738 1920 tert.
758 1870 819 1920 Juu.
840 1885 879 1932 pr.
897 1868 963 1916 Vesci
980 1869 1045 1927 Reg.
1065 1865 1153 1913 Oxou.
1166 1878 1206 1926 pr.

108 1933 191 1982 Vencsi
207 1933 256 1981 inc.
269 1934 361 1981 Heius.
378 1934 459 1993 Vrget,
473 1936 513 1980 vel
530 1935 613 1983 Vesevi
633 1935 673 1982 vel
684 1935 773 1982 Miseni
783 1935 858 1981 Voss.
877 1935 1010 1982 sea—185
1023 1931 1137 1991 Alcyones
1148 1929 1209 1978 Vat.

102 2011 143 2060 pr.
154 1999 269 2045 Florcnt.
281 1998 353 2046 Voss.
363 2013 403 2059 pr.
415 1999 534 2060 Alcyouus
546 2000 595 2047 inc.
606 1998 697 2047 Heius.
710 1999 835 2047 Aichincus
845 1998 861 2047 J
865 2012 907 2044 tin.
926 2010 978 2044 sec.
991 1995 1102 2042 Aleionus
1113 1993 1202 2043 Oxou.

16 2056 19 2063 ’
102 2076 143 2124 pr.
170 2061 376 2111 AlonionrsJuu.
401 2077 440 2124 pr.
462 2063 617 2126 Alehyoneus,
636 2062 677 2114 vel
694 2063 845 2111 Alrhimenus
865 2062 907 2108 vel
928 2060 1042 2108 Alceonus
1060 2057 1133 2104 Voss.
1155 2071 1207 2107 sec.

105 2126 302 2189 Tyrrhenupcdes
311 2141 354 2189 per
364 2130 450 2187 stagna
462 2135 572 2189 quatuor
584 2127 657 2176 Vatt.
670 2135 697 2174 et
713 2129 736 2176 d.
758 2127 813 2175 Pal.
831 2126 946 2173 Florent.
959 2124 1009 2171 duo
1029 2120 1101 2169 Med.
1114 2120 1209 2172 Heius.

103 2189 139 2238 H.
161 2191 222 2239 Put.
246 2192 310 2252 Reg.
332 2198 385 2238 tres
403 2191 495 2238 Petuv.
507 2192 608 2239 Bouon.
620 2192 722 2240 Tholoe.
742 2191 838 2238 hloret.
858 2204 898 2251 pr.
920 2188 980 2238 Jun.
999 2201 1037 2248 pr.
1054 2185 1106 2233 duo
1118 2184 1207 2234 Oxon.

102 2250 164 2302 var.
177 2254 258 2302 Livin.
269 2256 391 2316 celoxpro
408 2256 477 2316 pedes
495 2255 545 2303 inc.
567 2254 659 2304 Heius.
671 2256 716 2317 qui
734 2255 793 2302 iude
810 2253 885 2312 ferox
907 2252 1018 2311 legebat.
1039 2248 1142 2297 recurrit
1165 2248 1207 2298 vel

102 2319 207 2365 cucurrit
229 2316 320 2366 Amhr.
345 2322 487 2366 tert-186
505 2322 555 2366 Aut
576 2320 654 2368 uicino
676 2319 726 2366 duo
747 2319 840 2366 Petav.
863 2316 961 2364 cassatis
978 2315 1053 2362 Voss.
1076 2327 1117 2376 pr.
1140 2313 1208 2363 Exc.

102 2381 195 2432 Petav.
208 2388 292 2446 quart.
307 2381 466 2444 flatibuspro
482 2381 595 2441 faucibus
617 2383 667 2432 iuc.
689 2383 779 2432 Heius.
792 2383 854 2430 Var.
870 2381 922 2429 LL.
946 2394 960 2428 e
979 2392 1061 2440 mmg.
1084 2379 1207 2426 Parm-

604 2525 710 2574 NOTAE

115 2694 118 2699 ¹
147 2639 272 2698 Regnatna
297 2635 408 2698 maritus]
441 2635 555 2699 Jupiter,
581 2651 632 2700 qno
673 2637 729 2686 nius
742 2651 800 2685 cum
808 2636 915 2700 propius
924 2634 1085 2697 accessisset,
1095 2630 1207 2684 flamme

104 2714 200 2776 sospite
213 2712 296 2762 omniu
313 2719 371 2761 tute
381 2711 436 2760 fore
449 2711 499 2760 sihi
509 2711 632 2774 fingebat.
674 2713 777 2763 turbine
789 2712 923 2761 absumtos
935 2718 984 2762 est.

100 2791 173 2841 Jovis
190 2797 277 2839 sutem
288 2790 469 2851 uxoresJuno,
484 2789 594 2852 Themis,
605 2795 633 2838 et
706 2789 835 2852 compage]
859 2789 1006 2850 Compages
1025 2791 1066 2834 est
1081 2786 1207 2848 junctura

102 2869 190 2929 Ceres,
201 2876 231 2918 ut
243 2883 322 2932 supra
336 2867 502 2916 ostendimus.
672 2881 758 2914 rernm
770 2865 896 2925 omnium;
907 2865 949 2912 hic
960 2864 1087 2925 accipitur
1096 2875 1141 2924 pro
1150 2859 1208 2909 fun·

116 2954 122 3008 [
134 2951 182 2996 182
201 2947 309 3008 Titanes]
343 2945 380 2993 Hi
399 2951 473 2992 erant
482 2945 566 2993 Titani
577 2943 634 3004 filii,
673 2941 801 2989 dumentis
813 2941 905 3003 quihus
917 2939 1033 2988 adhaeret
1045 2946 1125 2986 terre.

103 3022 147 3086 qui
163 3022 189 3069 iu
200 3021 340 3070 Saturnum
351 3019 458 3082 ejusque
470 3019 550 3068 lilium
561 3034 633 3068 arma
706 3021 752 3065 185
761 3015 905 3081 Alcyoneus]
918 3015 1106 3080 Gigas,'ferroe
1116 3012 1206 3061 itidem

102 3102 230 3159 gerentes,
248 3111 263 3143 a
278 3095 344 3145 Jove
366 3095 427 3144 victi
448 3101 515 3144 sunt.
548 3096 632 3158 Supra
672 3093 748 3157 filius,
761 3103 788 3144 et
799 3098 915 3145 Deorum
926 3095 1014 3154 hostis,
1025 3093 1069 3156 qui
1079 3107 1136 3140 cnm
1150 3090 1206 3138 aliis

103 3173 135 3220 de
148 3172 196 3221 his.
671 3171 798 3220 Minervae
809 3172 917 3220 consilio
929 3171 1020 3219 altiore
1029 3175 1129 3231 petens,
1147 3176 1174 3214 et
1191 3181 1207 3213 a

135 3251 181 3295 188
201 3247 317 3309 Tonante]
358 3247 418 3296 Non
445 3252 546 3295 tantum
573 3247 631 3296 vivo
670 3255 749 3297 terrae
762 3264 789 3298 se
801 3249 923 3297 invictum
935 3246 1067 3295 reddentis
1080 3249 1205 3292 contactu

100 3322 176 3384 Jove,
188 3321 234 3371 sed
246 3322 312 3371 Jove
321 3321 485 3371 fulminante.
671 3335 794 3388 remotus,
805 3325 916 3374 domitus
926 3330 975 3385 est,
986 3330 1014 3372 et
1025 3322 1127 3385 sagittis
1139 3320 1208 3369 Her·

134 3398 233 3459 Manus]
252 3399 316 3449 Quae
328 3399 412 3461 copia,
424 3398 481 3463 quis
492 3399 632 3463 exercitus,
671 3402 735 3450 culis
747 3399 886 3463 confossus,
895 3407 922 3449 et
931 3400 1045 3449 Vesuvio
1055 3406 1142 3446 moute
1160 3411 1207 3460 op·

102 3474 170 3538 quod
183 3473 296 3522 roburin
308 3489 382 3522 manu
396 3475 524 3544 positum?
673 3492 793 3540 pressus:
812 3477 877 3525 tilius
896 3476 990 3525 hahuit
1012 3482 1124 3537 septem,
1145 3488 1204 3537 quas

134 3549 241 3612 Typhoia
265 3549 358 3612 cunin]
402 3551 497 3600 Cervix
524 3551 632 3614 Typhoei
673 3554 767 3603 doloris
779 3553 950 3616 impatientia,
959 3567 985 3600 se
996 3552 1021 3599 in
1032 3565 1104 3599 mare
1117 3550 1207 3613 prirci-

98 3624 227 3695 ¹gigantis,
245 3641 320 3690 quem
338 3625 655 3677 ex'ritanou‘erralovi.'
673 3632 741 3694 pites
759 3636 878 3693 egerunt,
890 3629 936 3678 sed
949 3627 1120 3690 Amphitrites
1137 3640 1207 3674 com-

100 3702 168 3750 irata
178 3701 331 3764 procreavit,
339 3707 479 3765 contraque
486 3702 579 3752 Jovern
588 3702 633 3749 im-
673 3706 846 3766 miscratioue,
864 3705 890 3753 iu
910 3719 969 3752 aves
981 3702 1111 3765 Alcyones
1124 3709 1206 3751 muta·

100 3777 229 3839 misit,scd
238 3775 343 3825 fulmine
351 3792 485 3839 percussus
494 3784 522 3826 et
530 3791 633 3841 oppres·
674 3789 709 3830 πω
731 3788 918 3844 sunt‚quarnm
936 3780 1003 3828 nidi,
1023 3793 1093 3826 mare
1112 3777 1205 3841 hyber.

100 3862 143 3899 cus
160 3858 201 3901 est
218 3852 330 3901 Inarime
351 3853 431 3901 insula
442 3853 591 3915 Campaniae
608 3853 633 3901 in
673 3872 733 3905 num
753 3871 801 3919 per
818 3862 928 3918 septem,
948 3850 993 3904 aut
1013 3854 1140 3916 undecim,
1159 3860 1206 3903 aut

100 3926 192 3976 Italia:
211 3929 254 3977 alii
262 3930 420 3992 suppositum
427 3930 510 3977 AEtnae
520 3929 616 3978 dieunt.
674 3946 764 3980 novem
774 3931 829 3980 dies
841 3932 974 3981 sternitur.
1001 3930 1053 3979 Alii
1063 3930 1140 3978 aliter
1148 3929 1205 3979 hoec

135 4007 182 4052 184
199 4005 260 4065 Jugt
281 4005 375 4066 Vesevi]
407 4005 506 4053 Montis
517 4004 635 4067 Vesuvii,
673 4013 787 4056 narrant.

102 4079 145 4141 qui
157 4079 182 4127 iu
192 4079 333 4142 Campania
342 4082 435 4130 Italica
444 4079 558 4130 flammas
574 4085 634 4130 evoss
688 4090 691 4095 ’
708 4083 840 4146 lyrrhena]
873 4082 982 4133 Tlruscia
994 4081 1071 4131 aliter
1081 4080 1153 4132 diota
1163 4086 1205 4132 est

100 4153 634 4221 mit,cujusreicauursindagaturusPli·
673 4159 829 4223 Tyrrhenia.
