2700 4702
120 289 207 354 1230
315 300 422 349 uorn
446 298 648 347 vnuronnur
678 298 716 344 ru
741 298 798 344 on.
831 297 973 346 curun.
996 300 1037 346 ιι.

25 477 33 490 -
121 449 187 498 liber
196 454 224 496 et
234 447 370 495 Puteauea
381 450 514 508 excerpta.
531 444 651 494 Vicetina
686 444 729 492 lim
741 443 871 492 inscriberet
881 443 996 508 floridus,
1008 449 1038 492 ut
1050 443 1122 509 apnd
1132 445 1224 512 virgil.

122 526 290 574 editionum.
317 524 401 586 Vulgo
412 537 500 571 amaa:
517 523 590 572 sicet
600 524 652 571 Dee
688 521 942 583 ‘inscriptiuomius
960 535 1051 585 regum
1070 523 1225 575 Nascuntur

122 603 213 666 quinto
235 614 295 650 casu
322 599 389 649 dixit
416 598 582 648 Prudentius.
615 599 651 648 D.
688 595 764 645 flores
774 595 790 644 ι’
807 611 952 661 quanquam
972 605 1000 648 et
1016 600 1127 664 ‘scripti
1138 598 1229 652 ssorcs‘

123 679 208 728 Heius.
689 673 758 737 apud
776 673 917 723 Ausonium
933 683 1075 726 occurrunt
1093 675 1229 741 Cupidine*

153 758 203 803 268
225 752 403 818 Quadristrirrm]
429 752 525 800 Totum
549 764 651 812 atinum,
688 750 822 799 crucifixo.
843 753 1045 802 NasoMet.xr.
1068 753 1153 817 ‘Ipse
1166 752 1227 806 snos

122 831 166 896 qui
177 837 287 895 qtratuor
298 836 402 878 constat
412 828 580 892 temporibus.
689 829 796 890 geminis
808 827 876 877 follia
888 829 1025 879 inscribit!
1055 830 1192 881 D.Hairrs.
1223 844 1225 851 ·

153 912 200 958 271
219 908 266 956 Sed
285 908 364 970 tepido
382 906 495 964 calefacto
516 905 582 968 uoto]
609 903 652 952 Ita
722 902 808 966 Horoe]
835 905 872 953 Ut
887 905 1028 968 priscorum
1047 907 1165 956 Heroum
1181 902 1223 958 no·

122 986 245 1049 Scaliger:
257 983 411 1032 confirmant
422 982 512 1044 primae
524 979 652 1027 editiones
689 979 758 1028 mina
770 982 914 1030 aeternitati
931 996 1086 1032 consecrare
1098 985 1223 1049 volentes,

122 1069 149 1110 et
159 1061 260 1123 scripti.
276 1059 363 1122 Vulgo
371 1058 469 1120 trepido.
487 1056 578 1105 Tibull.
596 1055 653 1102 ‘Et
689 1055 794 1105 floribus
806 1058 944 1122 inscriptas
960 1059 1094 1110 finxerunt
1112 1056 1226 1112 iudidenl

116 1139 210 1202 jubeat
233 1137 336 1200 tepidos
364 1136 438 1182 irrita
459 1133 528 1183 ferre
548 1131 651 1182 notos?
688 1133 776 1181 literas
796 1134 871 1197 primi
882 1134 1034 1185 Poetarum.
1063 1137 1147 1186 Horae
1161 1128 1222 1188 tent·

121 1231 180 1264 mox
200 1215 290 1264 ambiat
305 1213 367 1273 anis,
385 1225 436 1258 non
454 1209 552 1273 imbuet,
568 1207 652 1258 Aldus
690 1224 780 1272 porum
796 1211 984 1262 moderatrices
999 1213 1104 1263 Graecis
1121 1204 1224 1264 vatibnt'

121 1302 149 1341 et
159 1292 266 1355 scripti·
284 1290 366 1338 bene·
384 1299 521 1350 perperam
533 1299 579 1348 pro
597 1284 652 1332 vul·
689 1294 768 1339 notae.
810 1288 893 1337 iidem
922 1290 1056 1352 eleganter
1086 1290 1225 1340 commenti

121 1370 188 1433 gatis
199 1373 253 1417 stat
264 1365 393 1416 Barthius.
418 1363 453 1410 D.
467 1361 554 1410 Heius
690 1372 750 1413 stunt
768 1365 891 1428 Virgines
909 1381 966 1416 esse
989 1367 1086 1430 Horas,
1103 1368 1224 1443 Virgines

152 1448 201 1494 Μ
217 1438 429 1506 LiquidiFuuorri]
457 1437 535 1497 Clari,
556 1436 650 1486 sereni
690 1441 747 1490 illas
768 1441 854 1491 Horas
871 1452 1005 1506 perpetuae
1021 1459 1116 1494 vacare
1135 1446 1223 1494 textri-

121 1520 213 1620 virgil.
223 1519 313 1580 Eulog.
326 1530 364 1565 vr.
395 1514 450 1564 ‘Et
465 1513 557 1578 liquidi
577 1513 652 1562 simul
690 1531 746 1577 uae3
766 1514 1131 1570 textrinamillamvariorum
1144 1520 1223 1569 minn'

122 1596 209 1660 ignis)
651 1594 877 1644 ·ttorum0mnis
890 1596 1223 1664 generisesseflornm,qui

152 1679 200 1723 273
225 1673 309 1723 Prutis
330 1676 353 1720 lu
374 1668 472 1731 moeris]
499 1666 652 1728 picturatis,
689 1686 716 1718 ιιι
728 1673 850 1720 corollam
864 1673 967 1720 tandem
987 1675 1100 1736 egregiae
1114 1673 1224 1737 pulchri·

120 1751 241 1816 pulchris.
282 1747 393 1796 Omnem
414 1744 482 1808 grati
501 1743 595 1792 coloris
613 1757 651 1790 as·
690 1746 787 1795 tudinis
797 1747 917 1798 evadant.
934 1749 1044 1798 Easdem
1053 1749 1164 1798 lanificii
1174 1750 1222 1799 ritu

120 1834 225 1891 pactum
238 1826 352 1872 Graccum
370 1834 464 1870 vocare
480 1818 589 1879 Poiitas,
608 1831 653 1865 no·
691 1828 780 1869 texere
800 1824 910 1872 stamina
932 1832 960 1873 et
982 1825 1136 1875 subtemina.
1172 1826 1225 1874 Sta·

121 1909 183 1953 tum.
209 1900 297 1950 Burlla.
690 1912 758 1945 mina
769 1898 813 1946 illa
829 1907 856 1948 et
872 1899 1055 1950 subteminam
1068 1903 1158 1951 nobile
1171 1909 1222 1951 tan

151 1982 202 2028 ill
220 1974 371 2026 Munientibus
380 1973 444 2035 uuas]
461 1970 530 2020 Vino
550 1968 652 2018 liuenti·
690 1973 748 2022 dem
773 1980 874 2024 textum
897 1977 951 2024 slve
975 1992 1094 2066 pannum·
1114 1979 1222 2042 aliquem

120 2052 365 2116 benemerentibus.
395 2048 480 2098 narra.
690 2049 842 2112 procedere.
860 2052 989 2101 Corollam
1002 2054 1128 2116 postsive
1143 2062 1223 2105 textu·

104 2115 106 2120 ’
152 2135 200 2180 27⁵
221 2129 274 2178 lili
282 2124 488 2189 glutinandum]
504 2122 653 2172 Dubianon
691 2139 744 2172 ram
766 2125 836 2173 illam
856 2127 975 2176 eximiam
993 2142 1051 2177 esse
1068 2127 1194 2178 Anturm'
1187 2144 1223 2194 rp-

121 2216 182 2269 tatu,
200 2220 276 2269 quam
294 2216 399 2266 prorsus
415 2199 481 2249 falsa
498 2199 555 2248 lraec
572 2213 653 2246 asser·
691 2216 746 2250 sum
757 2202 883 2265 solarem,
901 2211 1029 2268 perpetuo
1050 2219 1096 2254 suo
1108 2221 1136 2254 se
1153 2205 1224 2256 obitu

120 2282 166 2331 tio.
196 2279 305 2329 Poetice
317 2278 370 2326 scil.
382 2277 500 2334 laridum,
511 2289 561 2323 ιιοιι
574 2272 653 2324 liisto·
690 2285 863 2342 repetentem,
879 2281 947 2329 trude
966 2282 1048 2330 lustra
1059 2284 1166 2332 tandem
1188 2297 1224 2332 se·

120 2359 173 2407 rice
185 2355 352 2405 describens:
370 2358 398 2401 ut
410 2350 497 2400 videre
509 2358 551 2399 est
567 2350 594 2398 in
610 2365 653 2398 no·
690 2354 800 2417 culaquc
812 2356 936 2418 perennia
944 2356 1124 2409 conficiuntur.
1136 2358 1223 2408 Burri„

122 2434 156 2484 tis
168 2431 276 2481 Barthii.
722 2434 771 2479 279
788 2431 927 2495 Longaque]
944 2432 1064 2498 AEterna,
1087 2442 1223 2501 perpetua.

154 2513 203 2558 278
219 2506 329 2556 Scribant
342 2505 367 2553 iu
378 2503 480 2568 floridae
492 2503 581 2566 Horu]
597 2504 653 2552 Ma·
689 2505 779 2555 Burtlr.

502 2763 846 2778 Ἣ

649 2922 699 2987 Il.

258 3125 318 3199 IN
350 3124 611 3200 RUFINUM
640 3126 749 3202 Llss.
771 3129 807 3203 Ι.
832 3130 1075 3207 PRAEFAT·

156 3311 279 3361 Rurruua
291 3323 387 3374 genere
395 3310 495 3373 Gallus,
503 3325 536 3360 ex
547 3310 656 3376 Aquita·
690 3313 802 3374 sublato,
812 3314 930 3364 Orientis
940 3315 1066 3378 Imperio,
1075 3316 1145 3380 quod
1154 3317 1225 3379 cupi·

121 3389 163 3438 nia
191 3386 298 3436 Oceano
327 3387 507 3452 Pyreneisque
530 3389 656 3453 proxima,
690 3390 794 3439 dissime
807 3389 955 3453 affectabat,
972 3391 1119 3454 potiretur:
1137 3391 1225 3442 sadra

120 3464 278 3515 auctoritate
290 3464 371 3514 valuit
391 3463 460 3526 apud
480 3464 654 3514 Theodosium
689 3467 835 3529 exploratu,
854 3467 953 3516 artibus
969 3466 1131 3528 Stilichonis,
1148 3480 1227 3533 quana

121 3541 190 3604 Aug.
202 3541 246 3606 qui
266 3540 424 3604 praefectura
438 3540 561 3595 Praetorii
580 3554 654 3589 orna·
690 3543 764 3593 alteri
783 3542 836 3592 filio
850 3543 966 3592 Honorio
982 3549 1095 3591 tutorem
1107 3542 1226 3592 Theodo-

121 3624 171 3679 tus,
184 3617 279 3665 Consul
299 3616 519 3666 extraordinarius
537 3616 654 3680 designa·
690 3618 741 3667 sius
752 3619 903 3682 scripserat,
921 3618 1001 3680 periit
1011 3631 1068 3667 cum
1081 3618 1159 3668 unciis
1172 3616 1226 3667 fac·

122 3698 163 3742 lus
174 3691 234 3754 suit,
250 3692 282 3740 ad
303 3706 378 3754 quern
390 3692 489 3754 scripta
504 3697 545 3740 eet
561 3693 615 3755 lex,
633 3693 654 3741 si
689 3693 777 3756 tionis,
787 3700 815 3744 et
827 3700 1010 3758 caputpompa
1028 3693 1129 3743 solenni
1143 3693 1228 3743 liuta

120 3768 195 3829 maior
213 3768 281 3816 anuis
295 3772 336 3817 41.
379 3768 409 3817 C.
429 3766 461 3816 de
482 3771 607 3818 transact.
625 3773 654 3818 ut
689 3769 802 3821 affixum.
834 3772 971 3832 Dempalrr.
1005 3788 1008 3795 ·

120 3850 197 3906 putat
207 3841 336 3893 Alciutus.
354 3883 357 3887 .
371 3843 500 3892 Caeterum
511 3841 653 3892 'l'lreodosiu
722 3853 735 3897 1
749 3848 847 3897 Decidit
858 3847 926 3908 arcu]
944 3845 986 3895 Ad
1000 3846 1091 3894 molem
1105 3845 1227 3895 monstri.

120 3920 276 3982 decedente,
299 3922 435 3969 immaturo
454 3918 566 3969 Arcadio
585 3918 654 3983 Aug.
689 3924 778 3988 Dejici
796 3924 865 3972 enim
877 3923 1008 3979 dicuutur,
1021 3937 1078 3985 quae
1096 3936 1149 3971 ιιοιι
1169 3922 1225 3971 sina

114 3996 170 4059 jam
189 3996 442 4059 Constantinopolim
459 3997 566 4060 adepto,
583 4003 654 4047 tutor
688 4001 778 4049 labore
794 4005 953 4049 sternuntur.
987 3997 1077 4046 Bruti.

120 4072 281 4136 designatur,
301 4073 433 4123 Alaricum
452 4089 538 4137 regem
556 4074 653 4123 Gotho·
721 4081 736 4124 l
755 4075 946 4140 Cyrrlroeopugo]
961 4072 1004 4124 Aa
1016 4074 1134 4137 Delphos
1145 4070 1229 4122 famo

120 4162 177 4196 rum
195 4148 227 4197 ad
247 4165 319 4199 arma
337 4151 467 4215 capienda
485 4150 652 4212 sollicitarit3
689 4167 745 4201 sum
758 4152 829 4202 illum
840 4155 990 4218 serpentem
1008 4149 1110 4214 dejecit
1120 4147 1228 4214 Apono

119 4229 151 4277 att
170 4230 216 4278 ant
235 4225 316 4292 bello,
330 4233 382 4278 aut
399 4227 470 4290 doio,
485 4226 586 4293 pupilio
605 4241 652 4279 ruo
688 4227 778 4278 Burri.
