2700 4702
398 324 401 329 .
470 286 888 340 permoneremus.
1138 274 1226 342 isos

126 448 253 496 remotum
279 445 377 510 Regem
397 443 659 497 summalottitudiu's
728 446 832 510 latuit]
848 445 986 512 calefacit,
996 446 1093 499 adolet.
1119 445 1210 499 nors

124 518 396 571 domittmiudicarat„
430 520 520 572 Basti.
728 527 777 574 sbti
795 525 898 574 Poterat
906 524 991 590 Alpes]
1021 522 1132 574 luseram
1142 523 1228 588 Euge·

153 601 202 647 888
220 597 407 648 Patrisoirtste
423 596 536 662 missus]
569 597 657 647 Patris
695 600 788 650 nianils
808 608 872 651 tom.
908 599 953 650 ait
970 600 1124 651 Occidentis
1139 599 1227 665 lmps·

128 673 222 723 rectius
235 675 315 739 legas.
348 672 381 723 b.
394 672 480 723 lisias.
695 677 761 727 rium
777 691 804 727 ss
812 677 932 728 Honorio
943 676 1110 741 traditurum,
1118 675 1164 727 abi
1175 676 1228 741 prl-

123 757 127 763 ·
154 752 205 799 878
224 749 549 823 Fasitprosritterepotri]
575 749 657 800 Aret·
694 770 762 805 mum
773 756 847 806 hoste
864 771 908 806 eas
918 761 1006 820 partes
1016 755 1122 807 devicto
1132 750 1227 807 libera'·

123 825 157 876 ttt
172 839 249 876 omen
262 825 400 895 §potentino
420 827 510 891 gentili
522 826 656 876 avenione
693 834 771 884 verit.
805 831 873 882 Vide
895 831 1027 896 Omnium,
1043 830 1124 882 ivn.
1143 845 1166 883 c.
1185 837 1226 883 88.

122 901 355 952 'ultricisnnminla
388 902 477 952 Barth.
694 908 770 960 lm,

154 981 206 1028 879
223 978 311 1028 Nom
327 992 369 1028 m
385 979 454 1028 debe!
473 993 548 1040 “8¹¹⁸
561 977 657 1042 fam]
726 989 773 1036 881
791 987 923 1053 Pauorque
941 985 1057 1052 receptus]
1072 985 1226 1052 Imperium,

121 1055 655 1122 Majoribnseuspiciiadivinisqneniteris:
694 1068 724 1112 ut
752 1063 815 1127 dixi,
836 1065 933 1115 veteris
956 1065 1058 1114 Romae,
1092 1062 1170 1117 Quod
1197 1071 1227 1114 et

121 1136 276 1199 prognatus,
286 1132 461 1200 divinitusque
473 1134 612 1183 instructus
622 1133 655 1184 ud
693 1145 754 1188 unte
779 1154 913 1190 excessum
936 1140 1053 1190 Honorio
1079 1138 1226 1204 adsignavit

123 1206 277 1272 Imperium.
310 1208 388 1258 Idem.
574 1264 577 1269 ,
693 1213 862 1266 Theodosius.
896 1214 970 1264 idem.

152 1287 583 1352 ssaNascemaoeaerartnropa]
597 1287 656 1336 Ele·
725 1292 774 1338 892
790 1289 904 1339 Asinum
926 1288 1021 1353 Gadis]
1045 1289 1159 1340 Galliam
1178 1303 1226 1353 pro

120 1361 655 1427 'gansetaptacomprratioPrincipiNu-
694 1364 848 1416 Occidentis
868 1367 982 1431 Imperio
1004 1366 1090 1431 ponit,
1110 1364 1179 1431 qnod
1198 1365 1227 1415 ln

120 1439 190 1489 mine
218 1439 335 1509 Deorum
364 1440 480 1504 Imperio
515 1438 654 1489 destinato.
692 1456 724 1490 ea
746 1440 876 1493 exercitus
903 1443 1018 1493 tutandis
1042 1441 1183 1506 provinciis
1210 1454 1227 1490 a

120 1514 210 1565 Etiam
219 1514 251 1564 B.
259 1514 363 1579 Murtyr
371 1513 517 1580 Cyprianus
525 1513 593 1563 male
601 1527 656 1563 ma·
693 1518 813 1580 pentibus
823 1518 1023 1569 henschenanis
1034 1518 1166 1569 collocati.
1183 1517 1227 1567 Sic

120 1592 273 1658 gistratlbus
308 1593 429 1658 legitimis
465 1600 589 1658 parentes
621 1591 654 1642 ad
692 1591 783 1642 Gallos
795 1593 857 1641 alibi
869 1607 916 1655 pro
926 1595 994 1642 omni
1005 1595 1086 1643 milite
1096 1592 1227 1643 Occiden-

120 1682 201 1733 apum
212 1675 379 1732 conspectum
390 1669 520 1730 amendat,
531 1676 562 1719 ut
571 1669 605 1718 ab
615 1669 655 1718 his
692 1669 727 1718 tis
739 1670 887 1733 usurpavit:
905 1670 1014 1720 ‘Gallos
1026 1685 1114 1719 caussa
1125 1684 1175 1718 non
1187 1684 1227 1718 ru-

118 1743 201 1794 ddem
216 1744 326 1796 discant.
343 1745 428 1810 Epist.
452 1756 528 1796 anx.
547 1760 607 1810 cup.
629 1749 653 1796 8.
692 1742 852 1794 δοιοιίιιιί.’
885 1744 1226 1805 Ltvtns,1ib.v11.‘ortli

120 1820 201 1870 Idem.
688 1832 756 1883 'gens
767 1817 850 1881 ferox,
861 1827 888 1868 et
906 1818 1005 1882 ingenii
1024 1818 1094 1867 auidi
1110 1818 1144 1868 ad
1162 1832 1226 1883 pug-

153 1900 203 1947 888
220 1896 284 1947 Jsru
292 1897 387 1962 purat]
402 1895 554 1961 Imperium.
579 1897 655 1948 idem.
692 1892 770 1944 nani.y
803 1893 878 1944 idem.

156 1972 309 2036 Musaque
321 1972 403 2037 focos]
438 1973 568 2036 liuditum
578 1971 655 2021 Palu·
726 1970 811 2019 Gallio
821 1969 895 2032 teges]
911 1969 1008 2020 Mirum
1019 1975 1060 2019 est
1071 1969 1120 2019 hoc
1131 1969 1157 2018 in
1168 1969 1225 2019 locb

119 2046 171 2098 tin.
182 2061 216 2096 an
227 2047 355 2112 bodium?
386 2050 423 2099 D.
435 2048 527 2099 Heius.
693 2045 760 2096 tanti
768 2045 824 2094 fieri
836 2045 947 2095 Gallium
960 2045 1125 2110 Cisalpinam,
1134 2055 1164 2094 nt
1180 2060 1226 2093 no-

114 2117 118 2123 *
154 2129 204 2176 884
224 2124 346 2189 Vindicat]
362 2125 404 2176 Ab
416 2125 540 2191 improbis
554 2125 656 2176 iurass-
692 2134 753 2169 men
772 2120 856 2170 Italioe
872 2121 1010 2171 obscuret:
1028 2135 1090 2170 sanc
1109 2119 1226 2170 rllreodu·

118 2198 202 2251 ribns.
236 2198 327 2250 Basti.
691 2198 745 2248 aius
753 2199 849 2248 amavit
861 2200 995 2263 praecipue
1003 2199 1182 2248 Mediolanum
1194 2211 1225 2246 ac

152 2280 201 2326 885
222 2276 312 2326 Praeliu
327 2276 442 2341 differis
455 2275 580 2340 jsrmesr]
612 2276 656 2326 Itu
692 2274 782 2324 Romae
801 2276 936 2340 pretulit:
954 2277 1042 2326 nescio
1063 2290 1096 2324 an
1115 2280 1226 2338 propter

119 2350 315 2417 Rapbeleugius
335 2367 369 2402 ex
387 2352 513 2416 scaligeri
531 2353 575 2401 roi
595 2351 657 2401 πάνυ
691 2349 897 2403 Ι).Αιιιίιιοιίιιιιι
906 2352 1226 2417 Episcopum,cojnsprae·

121 2429 289 2491 conjecturs:
307 2427 390 2478 bene:
408 2436 436 2480 et
447 2427 656 2479 coutirmuatali·
692 2429 775 2478 sentia
783 2429 976 2479 delectabatur.
1010 2429 1105 2478 closer.

121 2512 187 2569 quot
197 2503 298 2568 scripti.
313 2504 400 2568 Vulgo
411 2503 508 2568 differt:
528 2512 556 2555 et
567 2506 597 2555 la
612 2505 656 2556 Va·
724 2510 772 2555 894
789 2505 891 2555 Securus
902 2504 965 2567 foti,
981 2507 1095 2570 intumas
1108 2503 1224 2568 laborem]

120 2594 202 2630 mers
219 2581 334 2644 quidam.
367 2582 427 2630 Val.
446 2583 531 2633 Flucc.
544 2596 582 2634 ιι.
601 2582 654 2632 ‘lu
691 2580 892 2632 Doctissimeltis
901 2582 1002 2631 duobus
1019 2582 1172 2632 felicitatem
1183 2588 1227 2629 est

121 2670 200 2722 quem
218 2659 303 2707 ¹ulium
334 2657 457 2721 Alciden,
483 2661 512 2709 iu
536 2674 654 2725 quunam
691 2659 850 2721 complexus.
893 2657 995 2706 Secum
1014 2658 1068 2713 foti
1093 2657 1226 2720 Sapientis

120 2732 339 2798 tempotsdiffers
351 2735 655 2799 &ucesiummcxmag-
692 2734 859 2783 constantiae.
891 2733 975 2781 Iaetsr
993 2731 1097 2780 tuborum
1119 2720 1225 2794 effredus

119 2826 166 2874 ne,
185 2812 300 2861 senemi'
331 2812 429 2862 Noster
445 2813 514 2862 libro
534 2825 566 2862 ιι.
584 2812 654 2863 lund.
692 2809 863 2873 premiserit,
874 2807 943 2857 boua
960 2807 1120 2857 conscientia
1138 2807 1227 2856 conul-

119 2887 242 2939 Stiliclr.‘
255 2888 287 2936 ln
296 2902 372 2954 quem
382 2889 530 2938 distulimus
540 2889 655 2939 melioris
692 2900 756 2933 sum.
789 2883 876 2948 Bortl.

120 2967 201 3015 saecla
211 2964 319 3026 metalli,
327 2963 424 3014 Consm
435 2965 526 3015 adest!
559 2964 603 3015 lta
613 2978 655 3013 co·
724 2964 772 3010 898
789 2959 859 3010 Vobis
867 2963 990 3023 umque
999 2959 1136 3021 regentibus
1142 2958 1225 3022 wear]

120 3039 195 3089 dices
221 3039 321 3104 aliquot
348 3040 537 3103 prestantioris
567 3047 654 3090 notes
692 3035 876 3085 Inconcordia
895 3027 1008 3084 fratrum
1025 3034 1099 3107 pouit
1113 3032 1225 3084 felicita·

119 3128 175 3164 non
188 3114 425 3167 liseridistnlim.
457 3116 540 3166 Plura
552 3116 654 3166 videon·
692 3111 873 3175 temlmperil.
905 3111 980 3160 idern.

119 3197 166 3241 tur
176 3191 210 3240 ad
221 3191 323 3241 landem
332 3193 446 3254 Seredae,
455 3196 513 3242 v.1.
525 3194 560 3242 D.
569 3193 655 3244 Ηείιιι.
724 3187 974 3250 scotomaticos]
985 3186 1094 3237 Hesiodi
1101 3186 1226 3253 princeps

156 3269 205 3315 887
215 3265 316 3329 husa]
332 3267 376 3317 De
388 3267 657 3318 Bellicositate'l'neo·
692 3265 785 3316 scitum
797 3271 838 3314 est
857 3279 874 3314 s
883 3264 1016 3314 Musarum
1028 3263 1153 3328 Principe
1165 3262 1225 3312 Cal·

120 3341 190 3391 dosli
201 3341 270 3406 pleni
282 3357 370 3392 ornnes
383 3344 452 3393 libri.
689 3343 761 3406 liope
769 3340 941 3392 instituendos
952 3341 1046 3404 Reges,
1058 3339 1226 3405 eloquentie·

156 3418 293 3481 lmpsostrs
309 3421 418 3485 Araxes]
450 3419 494 3470 Ob
524 3434 654 3485 nunqnam
691 3420 934 3486 qneetprndentiae
942 3416 1225 3479 Nectureimbnendos,

119 3492 321 3559 planedomitos
333 3495 454 3546 Parthos.
487 3495 576 3546 Bortlr.
690 3497 712 3546 si
733 3496 777 3561 qui
798 3495 849 3545 rite
869 3493 955 3545 officio
974 3509 1020 3543 suo
1039 3492 1112 3557 fungi
1123 3491 1221 3540 velint:

154 3572 205 3619 888
230 3571 303 3619 Nilus
321 3571 406 3635 edique
430 3572 524 3637 Vester]
556 3572 655 3622 Omnes
690 3570 759 3639 quod
774 3586 806 3621 eo
824 3571 949 3636 pertinet,
959 3576 989 3619 ut
999 3569 1085 3618 omnis
1104 3574 1223 3617 veterum

118 3645 241 3710 regiones
251 3661 315 3710 quas
326 3646 448 3709 prnduit.
480 3648 556 3698 Idan.
690 3653 823 3713 gestorum
847 3653 1014 3695 monumenta
1037 3644 1155 3709 perlecta
1178 3641 1223 3691 lra-

94 3781 102 3791 Ι
153 3726 204 3771 888
223 3722 340 3786 Qu'cqsid
347 3724 383 3771 sol
390 3723 474 3773 imisit
484 3724 550 3788 ortu]
582 3726 654 3791 Lego
687 3723 884 3787 beat3eienim
896 3723 979 3771 Musae
998 3721 1089 3769 horum
1108 3718 1222 3783 patroci-

119 3796 165 3847 vel
174 3796 367 3846 obluctantibus
379 3797 450 3847 libris
461 3799 536 3848 cubit
547 3797 577 3848 ob
587 3805 654 3851 ortu.-
689 3800 761 3849 nium
779 3799 930 3849 rescribitur
944 3795 978 3845 ab
993 3794 1165 3859 antiquitate:
1182 3793 1223 3844 id·

119 3872 166 3923 lib.
180 3887 211 3922 11.
223 3873 249 3922 iu
259 3873 361 3924 Stiliclr.
380 3874 554 3940 ‘tantumque
573 3890 655 3926 reser-
690 3890 741 3943 qne
759 3876 853 3926 scitnm
874 3875 974 3938 pulcre,
985 3871 1103 3937 assolet,
1115 3875 1222 3920 onomat

120 3955 169 3998 vat
188 3948 344 4012 Depositum
364 3950 453 4011 terris,
473 3956 597 4014 quantum
614 3952 654 4002 sol
688 3952 854 4012 ‘lbemistius‚
864 3948 991 3999 Oratione
999 3960 1039 3997 ιι.
1049 3947 1224 4012 quemleged·

118 4022 216 4088 igneus
254 4023 352 4075 ambit!
383 4025 438 4075 Pro
464 4027 547 4075 ambro
574 4027 654 4077 etiam
690 4025 868 4077 dnmsnadeo.
901 4023 996 4072 Cicero
1014 4023 1041 4072 in
1062 4020 1222 4074 Hortensio:

119 4113 210 4147 cm
219 4099 314 4150 malim.
339 4099 474 4150 adeantur
484 4116 543 4166 qum
551 4102 585 4151 ad
593 4102 655 4152 Pss-
689 4100 787 4152 ‘Unde
806 4097 919 4162 facibus,
936 4112 1013 4162 quam
1031 4111 1065 4148 ex
1084 4096 1221 4148 Anuaiimn

119 4174 164 4224 tos
176 4175 339 4226 Nasonianos
349 4183 467 4226 notamus
476 4177 535 4230 libr.
546 4191 589 4230 nr.
618 4196 621 4203 ·
688 4173 1221 4241 monumentis,rntreabettteoe,ratoa·
