2700 4702
463 302 880 356 nnrv.coussrouoa.
1034 309 1044 327 ’
1140 294 1224 375 iubs

120 438 262 506 feliciaque
288 441 374 492 omnia
399 443 450 492 dici
473 448 502 493 et
527 443 585 493 fieri
612 459 656 495 ne·
691 447 808 509 membri.
842 447 923 497 Praei.
933 446 979 500 lib.
992 462 1023 498 rr.
1034 448 1060 497 in
1069 447 1128 499 Rni.
1145 450 1224 514 ‘pen

118 517 265 573 cessariam
286 532 342 568 esse
364 518 545 582 opinabantur.
564 522 655 571 Baras
694 524 778 573 missis
794 526 851 588 jam
868 527 931 576 licet
946 527 986 576 ire
1005 527 1106 576 choris.'
1121 527 1222 578 Statius

118 620 122 632 ·
151 592 417 658 Auspiccssoalotam]
429 595 487 644 Non
496 596 582 659 Aspice
592 612 655 646 uuus
694 601 866 662 Epithalamio
885 602 974 652 Stellio
992 603 1048 666 pari
1069 604 1165 653 mendo
1185 605 1224 654 in·

119 665 655 736 16616666.6111161666666666616666-
693 674 836 738 quinatus:
870 679 939 727 ‘'l'n
972 684 1059 727 tamen
1095 679 1224 733 attonitus

119 741 653 806 dunjaarridsrunteiGerartlusElect.
692 749 818 814 (quamvis
839 753 899 802 data
915 753 991 816 copia
1016 759 1096 804 tanta
1119 753 1224 816 Noctis)

119 823 194 883 urs.
213 821 285 871 etin
304 821 654 874 observationibusGrono·
693 826 777 875 adbuc
803 835 887 890 optas,
913 829 1088 893 permissaque
1115 831 1221 879 numine
1285 820 1292 828 ⁵

105 895 177 957 ‚ulna
187 903 289 948 noster.
309 911 369 947 moa
393 899 480 948 Ossiao
502 913 553 948 non
574 900 654 949 omnio
692 899 786 951 dextro
797 903 868 952 Vota
889 919 974 967 pares.
1008 894 1091 967 Pone,
1107 919 1122 954 o
1139 905 1221 967 dulcis

120 975 180 1023 enm
196 973 300 1037 Delrio,
314 973 456 1037 scaligero,
471 974 555 1023 Fabro
574 975 655 1024 inSe·
691 977 802 1039 suspiria
823 985 906 1041 vates,
928 980 1009 1029 Pone.
1030 986 1075 1029 tua
1093 979 1152 1029 est?
1167 995 1222 1043 pro·

117 1049 269 1112 mnibus,
285 1065 315 1098 ac
326 1050 417 1100 eodem
434 1050 566 1100 Gronovio
577 1051 655 1099 corri·
691 1053 762 1102 misso
773 1059 827 1102 noto
839 1055 873 1103 ibi
884 1057 979 1104 lectum
991 1058 1122 1105 hactenns.
1135 1070 1219 1120 neque

117 1123 243 1186 monn.
268 1125 411 1176 Confirmat
422 1127 545 1176 Lucensis
554 1133 581 1175 et
592 1127 654 1176 diro·
691 1127 768 1177 aliter
777 1130 940 1180 scribendum
955 1130 1050 1181 Achill.
1070 1145 1102 1183 rr.
1114 1146 1152 1183 vs.
1162 1135 1219 1182 266.

116 1199 207 1269 decia
218 1202 272 1266 alii,
288 1210 317 1253 ut
327 1203 424 1254 frustra
439 1206 568 1268 vulgatam
581 1206 653 1254 lecti·
689 1202 927 1267 feripiturmiserae
940 1208 1076 1270 permissus
1087 1205 1220 1270 Achilles:

118 1290 196 1326 onem
208 1284 314 1328 tueatur
324 1280 453 1329 Bartbius.
470 1280 505 1329 D.
517 1281 604 1330 Heius.
692 1279 781 1342 utjam
792 1280 858 1330 vidit
868 1282 1024 1354 Gronovius.
1041 1282 1077 1332 D.
1089 1283 1177 1333 Heius.

150 1357 201 1402 612
220 1355 321 1417 Quales]
338 1358 474 1407 Quartum.
490 1356 586 1407 Barsa
723 1355 908 1419 Promissisoti]
925 1357 1073 1407 Libertatis.

150 1426 264 1479 Sdeuaio
273 1430 335 1479 ludit
348 1432 435 1480 Omnia
445 1431 553 1493 bimos]
565 1433 652 1481 Caere·
723 1430 795 1479 Felix
813 1430 913 1494 iniuria]
925 1433 1003 1483 lctus
1022 1447 1107 1495 manu,
1123 1433 1221 1497 injuris

118 1504 220 1553 monias
241 1505 363 1569 intelligit
381 1507 653 1556 libertatemindican.
691 1505 834 1571 speciatim.
855 1506 941 1558 Burtls.

116 1585 171 1643 tes,
194 1595 252 1644 quac
268 1583 471 1631 manumissionis
491 1583 561 1632 actui
582 1585 652 1633 adbi-
721 1584 770 1641 626
786 1572 817 1630 Is
838 1597 920 1630 mmm
940 1587 1039 1631 uenturo
1058 1582 1135 1646 luam]
1152 1572 1218 1633 Con·

116 1652 214 1704 bendae
226 1663 295 1719 sunt,
315 1656 503 1722 designantque
515 1658 595 1720 ipsam
607 1658 651 1708 flu·
689 1658 808 1709 sulatum.
841 1658 873 1706 ln
895 1658 987 1706 Festos
1009 1658 1076 1707 euim
1097 1658 1168 1707 illico
1189 1664 1219 1709 ut

115 1730 203 1780 rantis
214 1731 335 1794 Reipubl.
353 1732 510 1797 libertatem,
529 1733 651 1783 hostium·
688 1738 763 1782 erant
773 1734 864 1796 creati,
884 1733 1023 1783 Consulum
1039 1732 1142 1783 nomina
1153 1733 1219 1783 refe·

116 1819 169 1871 que
180 1821 242 1856 mox
253 1807 438 1870 capiendorum
448 1808 649 1860 multitudinem.
687 1810 823 1861 rebantur.

116 1881 197 1945 idest.
721 1886 848 1937 Proemisso
859 1885 953 1944 fictoris
978 1884 1046 1940 Dant
1068 1886 1174 1947 exemplo
1182 1885 1219 1949 fi·

113 1962 198 2021 -616
214 1960 349 2009 Deductum
361 1959 565 2026 Vindicemorcm]
588 1962 649 2011 Vin·
687 1963 750 2025 dem]
778 1961 882 2011 Veteris
904 1960 1034 2025 Sapientis
1062 1961 1095 2009 de
1123 1961 1218 2024 Moyse

113 2034 168 2090 dex
190 2051 282 2086 seruus
300 2038 339 2086 Μ.
362 2038 449 2099 Bruti,
460 2053 519 2087 cum
533 2041 650 2103 conjura·
688 2037 862 2087 testimouium
887 2042 950 2086 est:
974 2036 1133 2085 Proedr'ctioue
1146 2035 1217 2095 suta·

115 2110 214 2161 tionem
235 2110 491 2175 adversuspnpulum
505 2112 648 2163 Romanum
685 2110 951 2177 rosum-fideiussione
967 2112 1150 2174 maternorum.
1182 2112 1218 2165 Et

114 2185 295 2250 patefecisset,
312 2187 409 2250 primus
427 2187 542 2251 publice,
561 2203 648 2238 coram
686 2191 808 2239 memoria
824 2191 1053 2252 praeterlapsorum
1081 2188 1218 2238 consilium

114 2277 214 2313 summo
223 2264 467 2328 magistratmmauu
477 2267 583 2315 emissus
592 2273 646 2318 est:
687 2265 732 2315 dat
748 2266 847 2315 illustre
859 2265 892 2314 de
904 2263 1008 2315 futuris.
1026 2266 1116 2315 Bartlr.

114 2338 148 2389 ad
157 2339 461 2404 cnjuamauunuissiouem
471 2348 647 2404 qrroeservatae
717 2346 764 2393 621
784 2342 882 2398 Quoties
904 2347 928 2392 tc
948 2334 1053 2390 cursibus
1070 2342 1128 2405 ceci]
1146 2343 1215 2394 Quo·

113 2423 177 2467 sunt
198 2416 370 2479 caeremonia,
388 2416 420 2465 ed
439 2424 556 2480 posteros
568 2418 648 2467 etiam
686 2418 744 2482 ties,
761 2418 808 2481 ait,
825 2417 873 2468 tibi
890 2419 1057 2467 Consulatum
1074 2418 1159 2479 dedit,
1178 2424 1217 2468 to·

113 2489 318 2541 descenderunt.
335 2492 411 2541 Idem.
685 2495 736 2543 ties
747 2493 865 2544 Victoris
875 2495 960 2558 aliqua
969 2494 1064 2559 insigni
1074 2501 1166 2545 auctus
1175 2502 1216 2546 est

146 2571 195 2617 616
214 2567 292 2617 Grato
302 2573 391 2617 remeat
399 2568 575 2631 securiorictu]
587 2569 649 2619 Cer·
684 2570 850 2620 Theodosius.
867 2571 941 2620 Idem.

112 2647 157 2692 tus
185 2642 306 2692 nimirum
320 2645 378 2707 jam
399 2644 539 2706 libertatis,
561 2658 647 2708 neque
716 2649 765 2694 62³
785 2646 890 2694 lirum
909 2645 1060 2708 Grmsungz]
1090 2647 1152 2695 Tam
1168 2648 1215 2696 bic

113 2719 240 2783 deinceps
252 2719 404 2769 verberibus
415 2720 556 2781 subjectm.
584 2721 648 2770 Per·
684 2735 761 2785 quam
773 2720 830 2769 aliis
842 2719 910 2782 apud
930 2719 1034 2783 po'e'tam
1052 2727 1167 2770 nostrum
1178 2722 1216 2771 lo·

112 2807 204 2844 cussus
214 2795 283 2844 enim
293 2795 320 2842 in
332 2795 473 2857 maxillam,
485 2796 647 2847 manumitte·
684 2799 721 2847 cis
734 2795 858 2845 Gotlsnni
868 2795 894 2843 in
903 2795 1015 2859 vulgatis
1024 2795 1215 2858 exemplaribus

111 2871 201 2935 batur,
221 2872 327 2938 ictuque
344 2873 473 2923 transibat
489 2874 516 2922 in
543 2874 647 2925 liberta·
684 2874 851 2935 vocabantur,
872 2878 994 2936 uuquam
1019 2885 1052 2920 ex
1070 2871 1164 2921 Gothis
1186 2879 1215 2923 et

111 2953 177 2998 term
193 2949 270 2999 Idem.
617 2972 621 2980 ·
684 2949 787 3000 Hunnis
809 2947 923 2998 conflati.
955 2949 1027 2999 Libri
1054 2949 1146 3013 scripti
1164 2950 1215 3000 etsi

144 3028 196 3074 616
215 3025 304 3074 litatis
319 3025 433 3087 messeio]
467 3027 569 3075 Revera
588 3026 646 3075 tris·
683 3024 748 3074 mire
760 3024 866 3072 interae
883 3023 1046 3086 dissentiant,
1063 3039 1114 3074 uno
1126 3030 1215 3076 nmen

111 3099 221 3150 tissima.
237 3101 367 3164 ‘AEquata
378 3101 489 3150 servitus
501 3101 645 3166 quadrupe·
682 3114 809 3150 consensu
831 3099 929 3149 editam
949 3100 1087 3150 lectionem
1099 3115 1151 3150 nou
1165 3116 1213 3165 ng-

111 3175 211 3226 616663
222 3176 294 3240 Lege
303 3175 417 3240 Aquilia,
425 3182 493 3226 teste
503 3176 576 3241 Caio,
586 3191 645 3240 cap.
682 3183 800 3226 noscunt.
829 3175 1014 3238 ‘Gruthungos
1025 3180 1128 3238 gentem
1140 3175 1215 3227 belli·

110 3255 138 3303 1.
150 3251 186 3301 ad
194 3252 260 3314 leg.
271 3252 358 3316 Aquil.
374 3253 449 3301 Idem.
682 3251 776 3303 cosam'
787 3258 866 3302 vocat
884 3246 1044 3315 Ammianus,
1065 3251 1109 3303 lib.
1120 3265 1213 3312 xxvu,

142 3331 194 3376 617
212 3329 326 3377 lucium
340 3328 439 3376 nubum
454 3328 534 3390 gcuae]
567 3326 644 3378 Illico
681 3342 730 3377 nec
748 3327 826 3376 aliter
848 3326 1005 3377 oxoniensis
1022 3334 1050 3377 et
1069 3328 1213 3382 Leidensis.

110 3408 142 3454 ut
150 3403 287 3454 irrubnare
298 3404 451 3467 genestinis
462 3419 496 3454 ex
506 3419 581 3454 servo
592 3403 645 3454 fa'c-
682 3403 826 3464 Greotlringi
844 3403 870 3450 in
886 3401 970 3451 Fastis
985 3403 1066 3452 ldatii
1078 3403 1211 3466 appellen,-

110 3484 215 3529 tuaest.
249 3480 337 3544 Usque
349 3478 414 3530 adeo
426 3487 511 3529 eutem
523 3481 549 3528 in
560 3481 643 3530 civem
681 3485 731 3529 tur.
756 3478 1208 3541 Isiugrin.etprins.Vatican.cum

109 3560 168 3616 tum
177 3554 307 3605 rubebant
313 3570 396 3618 genas,
406 3563 435 3605 nt
444 3557 575 3620 extemplo
585 3562 644 3619 post
680 3553 748 3604 Aldo
760 3568 790 3603 ac
804 3554 891 3617 primis
900 3553 1056 3603 editionibus
1065 3553 1211 3608 Gratiani.

110 3630 339 3682 circumactiouem
362 3638 389 3680 et
400 3632 481 3681 ictum
494 3632 644 3695 acciperent
680 3629 735 3679 Alii
742 3629 845 3679 codices
856 3628 986 3691 ‚Grutougi
1003 3628 1134 3692 Grotungs',
1146 3629 1211 3677 Gra·

106 3705 222 3769 insignia
241 3706 344 3770 civium,
363 3707 454 3762 albam,
467 3714 645 3772 reuemfluu-
679 3706 756 3767 tonui,
775 3705 904 3768 Grotunsi,
926 3705 1040 3765 Gritougi
1056 3709 1085 3753 et
1106 3702 1210 3752 similia.

109 3781 291 3844 lnnuaureurn,
302 3786 352 3832 dte.
680 3782 719 3831 vir
741 3780 905 3831 doctissimus
922 3779 956 3829 ad
971 3779 1040 3832 Hist.
1059 3777 1129 3842 Aug.
1148 3778 1210 3826 Gro-

144 3857 265 3920 lbrgoqae
286 3858 397 3921 remouit]
429 3859 495 3908 Pars
517 3860 586 3909 enim
611 3875 643 3909 ea
678 3856 764 3918 tbuugi
783 3856 855 3919 legit.
888 3853 1012 3920 Sequenti
1036 3868 1112 3904 versu
1136 3859 1210 3914 recte

108 3933 227 3995 eorporis
253 3936 335 3996 poenis
363 3935 498 3984 servilibus
518 3935 642 4000 exposita.
678 3931 769 3996 scripti
787 3930 842 3982 fere
862 3944 949 3980 omnes
963 3929 1080 3990 termille,
1091 3929 1209 3980 nonsibi.

108 4007 203 4057 Boess.
677 4023 738 4059 mox
758 4021 805 4070 pro
819 4006 900 4058 assu
915 4005 1065 4067 temeson,
1075 4019 1141 4055 unus
1150 4005 1210 4054 Me·

139 4086 192 4134 616
210 4083 495 4147 Penuiaaisels'nirdurio
511 4087 573 4152 uota]
597 4087 642 4137 Sic
677 4084 729 4134 dic.
741 4098 794 4136 seo.
805 4081 890 4132 vatic.
902 4081 1026 4132 etPalat.
1036 4081 1166 4132 noualibus.
1178 4089 1208 4133 ut

106 4161 201 4229 mimi
226 4160 284 4214 sm
304 4177 392 4215 omn
417 4177 476 4215 cum
492 4161 571 4229 mdo,
589 4177 642 4226 ¹¹⁰³
677 4161 749 4226 nihi,
762 4158 854 4216 §lituis
872 4159 1007 4224 naualibus
1027 4159 1091 4212 arsit
1111 4160 1208 4231 Hispan
