2700 4702
519 311 714 363 arnustus.
1075 299 1162 367 11⁰⁶

31 498 35 503 -
72 455 168 519 Ducit
181 453 318 519 flamma
331 454 472 521 cborosz
496 455 585 523 festa
596 454 782 521 frondentia
796 464 907 540 myrto

69 555 193 620 limina
206 556 391 638 cinguntur,
403 558 572 641 roseisque
586 557 713 623 cubilia
726 565 865 640 surgunt

67 656 227 735 Floribus,
240 661 274 720 et
288 659 469 722 thalamum
481 658 604 723 dotalis
619 677 766 741 purpura
779 659 879 725 velot

65 755 126 821 Hic
140 760 262 822 mimm
274 761 442 841 consurgit
456 779 556 842 opus.
601 759 767 842 Cytherea
780 760 936 825 madium

63 858 184 940 Sponte
195 861 297 942 rapit,
313 861 455 943 coeliqne
468 869 558 925 toros
572 861 705 925 imitata
717 861 844 943 priores

62 957 202 1024 Pectora
216 961 346 1028 lascivo
359 961 442 1026 flatu
455 960 624 1025 Mavortia
637 961 750 1038 nectit,

60 1057 100 1122 Et
112 1064 246 1124 tanturm
262 1061 431 1144 suspendit
444 1080 538 1136 ouus,
552 1059 723 1142 galeaeque
737 1060 880 1125 lacertos

61 1159 228 1244 implicat,
239 1170 275 1226 et
289 1164 377 1247 vivis
390 1168 495 1227 toturn
509 1161 741 1244 complexibus
753 1163 868 1226 ambit.

59 1258 118 1324 Ille
132 1261 312 1327 lacessitus
325 1264 425 1344 longo
439 1260 631 1345 spiraminis
642 1267 721 1325 actu

58 1359 202 1426 Arcanis
217 1364 354 1428 trabitur
368 1380 497 1446 gemm
510 1360 552 1426 de
566 1361 709 1446 conjuge
723 1362 831 1426 nodis.

58 1541 114 1605 ipris
127 1557 174 1605 pro
191 1544 366 1593 madiae.
405 1544 461 1593 Fax
475 1542 599 1606 nuptialis
618 1543 684 1592 ducit
702 1543 797 1592 cleros:
817 1544 899 1593 donas
912 1550 1010 1594 mar
1027 1550 1105 1609 atym
1121 1560 1158 1595 ss·

59 1607 128 1666 tersi,
152 1611 177 1655 et
197 1607 298 1656 thalassi
315 1608 456 1656 urantur
474 1606 577 1670 Mirus
601 1620 682 1664 roseus,
706 1611 729 1654 et
754 1621 860 1669 purpura
877 1609 964 1658 dotalis
986 1614 1055 1657 mat
1075 1610 1158 1662 utta.

59 1671 106 1718 liic
116 1684 175 1732 opas
185 1670 325 1720 udndadils
340 1673 458 1731 martit.
495 1671 573 1719 Venas
582 1670 684 1718 attrahit
703 1671 767 1718 altro
782 1670 902 1731 conjuges·
916 1687 983 1720 mast
994 1673 1117 1734 Martem,
1133 1679 1158 1724 et

57 1734 152 1782 taum
165 1734 253 1781 ledan
265 1735 368 1796 priorem
384 1734 452 1794 coli,
467 1733 610 1793 mastrirgit
618 1739 700 1795 pectas
714 1733 805 1781 Martis
820 1733 905 1782 dubita
918 1736 1047 1795 lararima
1067 1743 1091 1784 et
1108 1751 1159 1786 aas·

55 1799 132 1858 pessit
147 1799 242 1859 pendas,
257 1801 362 1856 tutan,
378 1803 402 1846 et
412 1798 512 1847 innectit
528 1795 721 1845 metiamtur
736 1796 802 1859 ejus,
817 1802 841 1844 et
859 1798 936 1858 cingit
950 1803 1025 1847 tutaris
1042 1800 1157 1851 Martem

57 1861 213 1925 conplaidas
221 1861 289 1923 quasi
298 1861 452 1924 spirantibus.
477 1861 523 1910 Ille
533 1860 606 1908 Mars
612 1864 751 1922 proruamus
761 1860 851 1908 artiore
858 1863 927 1923 lcago
938 1861 1026 1910 balim
1037 1863 1156 1927 Veneris,

516 1987 620 2008 “mn
621 1986 693 2006 00000

53 2079 120 2140 gissi
130 2079 198 2129 Ere.
215 2077 277 2128 Pet.
287 2092 339 2128 ree.
350 2092 384 2128 nu.
394 2081 511 2128 see-28
527 2078 604 2128 Ducit
615 2077 710 2126 Moret.
723 2092 760 2141 pr.
781 2075 840 2125 ΑΜ.
851 2076 952 2138 flamma
964 2079 1004 2127 vel
1015 2094 1081 2128 assor
1091 2081 1156 2131 Ere.

56 2142 131 2192 Lari.
149 2142 415 2192 monetalem
430 2142 551 2201 velsnees
568 2143 633 2190 Erre.
645 2142 722 2189 Laett.
741 2139 808 2198 serto
818 2140 960 2200 frondentia
983 2142 1044 2192 Var.
1064 2143 1116 2191 ut..
1139 2158 1155 2193 e

54 2205 362 2323 statim
372 2205 724 2318 ittttltbiitt‘i
739 2203 1157 2328 bistili-diist

56 2334 131 2384 usu.
146 2333 278 2382 rictam
289 2304 403 2382 suerent.
412 2305 486 2382 Med.
493 2347 543 2382 see.
552 2335 604 2381 inc.
614 2332 707 2381 Heius.
717 2302 841 2379 l’rut.⁸duo
853 2302 946 2379 Petav.
958 2332 1056 2382 Bouron.
1066 2305 1157 2383 limbr:

55 2406 115 2448 tert.
126 2397 227 2446 anlid.
240 2397 326 2446 0aou.
338 2411 390 2446 ree.
399 2397 563 2460 Cod.Epigr.
575 2393 736 2444 AmbnAid.
748 2395 808 2442 Ver.
826 2395 879 2443 LL.
896 2409 911 2442 e
931 2411 1009 2459 marg.
1028 2397 1114 2446 Purm.
1127 2408 1158 2449 et

55 2463 96 2511 ed.
108 2460 255 2510 Antra-81
275 2460 341 2509 Hiar
358 2462 422 2510 Eae.
440 2460 517 2509 Lati.
538 2461 589 2507 Hoc
601 2459 716 2508 Florent.
727 2457 894 2507 souitu—ss
910 2459 991 2508 eiures
1008 2461 1080 2510 bled.
1100 2476 1155 2512 sec.

55 2527 105 2575 iuo.
126 2525 220 2574 Heius.
235 2524 324 2573 &uta
339 2525 439 2573 Bounu.
463 2527 555 2572 raatutu
575 2523 635 2571 Vat.
655 2526 771 2570 see-83
788 2527 854 2570 muts
875 2536 922 2585 pro
933 2522 1000 2586 fletur
1019 2524 1082 2573 Vat.
1104 2540 1157 2576 sec.

54 2589 178 2639 Heinsius
196 2588 354 2650 ascripserat
375 2589 460 2636 locum
478 2587 585 2636 Lueret.
601 2586 647 2634 lib.
661 2599 697 2635 vu.
715 2585 875 2647 ‘Impetlant
898 2595 926 2634 ut
947 2601 1003 2634 eam
1025 2588 1157 2651 magnesio

54 2650 161 2703 flumina
170 2651 260 2714 sape!
277 2652 310 2699 de
321 2657 443 2714 magnete
455 2651 530 2713 plura
539 2651 618 2698 babes
630 2649 799 2698 ibidem-84
816 2649 851 2696 Et
861 2651 957 2697 tardem
968 2650 1041 2698 Med.
1051 2666 1102 2700 sec.
1111 2667 1157 2712 gu·

54 2717 135 2780 lcspru
148 2715 210 2764 Vat.
221 2715 369 2764 testitum.
380 2716 497 2763 Florent.
506 2713 577 2762 Med.
588 2727 641 2761 sec.
654 2711 754 2760 Buslid.
764 2712 882 2772 gmeoepae
893 2713 956 2759 Exc.
964 2713 1074 2762 Lucem.
1084 2728 1157 2774 pr.—

54 2784 85 2839 ,³⁶
101 2786 181 2829 trram
191 2792 240 2843 pro
248 2783 324 2828 totuis
334 2779 398 2827 Eae.
410 2778 486 2841 Lati,
495 2792 529 2826 ru.
540 2779 645 2841 prr-iti
661 2774 797 2837 spiraminis
807 2773 857 2822 icta
868 2774 1030 2825 sustu-st
1047 2777 1156 2826 Alterais

554 2937 660 2989 NO'I'AE

55 3053 204 3120 complecti,
220 3053 248 3102 iu
266 3066 298 3102 eo
321 3052 420 3116 templo
438 3050 586 3114 conjugium
626 3054 670 3098 tur
679 3062 735 3097 esse
747 3045 841 3096 diviua.
865 3045 942 3093 Unde
954 3043 1114 3107 factumest,
1126 3052 1157 3097 ut

55 3131 165 3181 Veneris
175 3137 206 3180 et
212 3129 308 3179 Martis
316 3143 373 3178 esse
382 3134 467 3191 putat,
476 3127 585 3191 ideoque
625 3124 653 3172 in
665 3122 775 3187 quodam
789 3122 885 3184 templo
904 3121 1036 3184 lapidibus
1053 3137 1157 3187 magne.

53 3207 118 3257 illud
128 3205 257 3256 celebrat.
627 3198 694 3247 tibus
706 3199 733 3245 iu
743 3199 797 3245 solo
807 3203 835 3245 et
844 3197 870 3244 in
879 3211 984 3245 camera
993 3198 1091 3261 positis,
1100 3214 1158 3263 pro·

86 3285 120 3330 28
138 3279 241 3342 carru]
267 3278 426 3339 Puellarum,
447 3289 587 3340 puerorum
626 3274 746 3337 portione
774 3272 965 3336 magnitudinis,
991 3275 1158 3326 simulacrum

55 3355 214 3405 canentium.
626 3348 750 3412 ferreum,
780 3349 847 3398 aeris
874 3350 941 3398 illius
969 3351 1063 3414 medio,
1090 3353 1159 3404 inter

87 3429 185 3493 Myris]
203 3429 270 3480 Quae
287 3425 365 3477 arbor
384 3432 426 3477 est
444 3439 518 3476 saera
536 3425 587 3474 Ve·
627 3430 764 3488 utrumque
775 3423 898 3486 lapidem,
909 3425 1084 3486 ignorantibus
1096 3425 1158 3490 quid

56 3506 122 3555 neri.
625 3517 726 3553 rursum
746 3509 814 3551 esset
831 3517 862 3550 ac
879 3500 1011 3564 deorsum,
1027 3504 1100 3568 quasi
1111 3519 1158 3552 nu.

86 3585 120 3631 stt
137 3576 587 3645 dbalsraars]1)eluaevoeesupra.
626 3578 701 3627 minis
721 3583 850 3639 potestate
870 3575 1014 3639 penderet!
1046 3579 1081 3626 Et
1104 3578 1159 3627 Pii·

86 3661 118 3706 31
139 3652 268 3718 Cytherea]
283 3653 383 3714 Venus,
394 3665 480 3714 supra.
627 3654 698 3702 nius:
715 3651 832 3700 ‘Eodem
848 3651 937 3715 lupide
950 3653 1061 3714 Magnete
1079 3653 1159 3700 Diuo·

86 3736 120 3782 82
140 3731 213 3780 som
221 3727 325 3792 priores]
342 3727 407 3776 Cum
415 3725 516 3775 scilicet
530 3738 589 3772 cum
628 3733 715 3777 crates
735 3726 892 3776 architectus
908 3718 1075 3777 Alexandriae
1087 3726 1160 3774 Ausi·

56 3810 144 3860 Marte
163 3805 326 3869 deprebensa
346 3809 401 3853 est:
417 3804 472 3852 ‘Et
491 3801 541 3851 fuit
562 3802 589 3850 iu
629 3803 690 3852 notis
702 3801 1160 3865 templumcoueamerareiucboave·

59 3892 114 3935 toto
124 3882 260 3932 notissima
271 3878 359 3929 fabula
369 3878 453 3928 orele!
629 3885 679 3937 rat,
688 3887 718 3927 ut
730 3878 755 3925 in
767 3892 799 3925 eo
817 3877 982 3926 simulacrum
998 3876 1053 3938 ejus
1064 3890 1079 3924 e
1090 3873 1160 3926 ferro

88 3963 121 4008 84
138 3954 281 4020 Suspendit]
306 3953 440 4004 Cluverius
456 3951 589 4004 exS.Au·
629 3954 744 4019 pendere
752 3953 778 4000 in
787 3952 847 4000 aire
859 3950 1005 4000 rideretur!

58 4032 179 4099 guatino:
196 4028 377 4092 ’μηχανήματα
392 4030 510 4080 humanis
528 4028 589 4080 arti-
660 4035 692 4080 at
713 4029 792 4090 Viris]
810 4029 890 4076 Ferro
902 4025 941 4074 ita
951 4040 979 4073 se
991 4031 1118 4087 movente,
1129 4034 1159 4080 nt

57 4109 104 4160 bus
121 4107 200 4168 tinut,
217 4121 277 4171 quae
289 4106 334 4170 qui
344 4106 463 4156 nesciunt
482 4105 589 4170 opinen·
629 4104 721 4155 credas
731 4102 826 4152 trabis
842 4101 966 4163 Magnete
977 4099 1099 4152 virente:
1117 4104 1160 4157 rel

51 4226 60 4241 .
118 4185 395 4252 meteremus.
570 4185 655 4236 cunr.
1040 4178 1139 4269 uu⁸
