2700 4702
129 288 217 359 1808
311 306 421 382 nous
445 300 647 356 vassorum
671 307 712 356 ru
736 294 1048 356 unumunurn

638 641 724 709 VII.

124 860 129 873 ·
205 857 283 934 us
311 859 514 934 suario
544 836 864 934 consuturis
895 856 1157 933 nononrr.

127 1070 138 1098 '⁸
150 1061 314 1112 ‘Porculatoris
329 1063 503 1126 ingredientes
513 1063 590 1112 moris
602 1067 660 1112 erut
731 1062 839 1127 Carales]
855 1060 950 1112 Solium
962 1060 1117 1110 Consulare.
1133 1053 1219 1107 Rutila

128 1136 228 1207 laudari
241 1146 268 1187 et
279 1139 409 1188 admoueri
422 1139 518 1190 Officii.
539 1139 626 1188 Burtlr.
730 1144 745 1189 ³
756 1137 1023 1204 FautorJJucunuior,
1033 1135 1163 1185 Sanctior.
1170 1134 1231 1184 Our-

127 1229 131 1248 ·
160 1215 284 1279 lTertiu]
313 1216 379 1265 Hac
393 1217 533 1278 Panegyris
545 1216 572 1265 iu
584 1214 660 1264 terti·
697 1218 739 1266 uia
762 1223 952 1280 temporetam
975 1213 1095 1278 generosi
1113 1210 1229 1262 Consulis
1272 1272 1275 1276 ι

124 1302 171 1339 usn
193 1291 304 1339 Honorii
325 1292 392 1354 Imp.
413 1292 577 1340 Consulatum
593 1292 659 1340 reci·
698 1293 839 1356 auspicium
851 1291 977 1342 t'elicitste
989 1296 1113 1339 secutura
1124 1287 1206 1338 dicis·

126 1369 185 1417 tate
193 1368 414 1417 estaciaudiauo
424 1382 511 1418 coram
524 1370 579 1430 ipso
590 1370 659 1432 prin·
728 1368 823 1430 Anum]
852 1369 1016 1429 Consulatus,
1044 1365 1119 1429 cujus
1149 1375 1231 1428 sunus

127 1441 196 1504 nipe,
208 1443 233 1490 in
253 1443 351 1504 palatio
376 1444 572 1506 Mediolanensi,
591 1460 658 1501 suno
696 1445 827 1495 Potestas.

126 1517 230 1567 Domini
250 1523 305 1568 396.
339 1521 542 1582 Collegumvero
560 1521 658 1584 babuit,
730 1521 840 1582 Cincius]
866 1518 996 1568 Vestitum
1005 1513 1107 1566 omnem
1119 1530 1172 1565 vox
1182 1512 1231 1564 ists

127 1593 172 1643 aed
186 1595 307 1656 priorem,
321 1595 470 1646 Arcadium.
489 1599 583 1649 Closer.
696 1603 779 1646 notat.
812 1597 877 1645 Cum
898 1594 967 1643 enim
989 1593 1011 1642 is
1030 1590 1167 1641 veteribus
1178 1591 1231 1640 lou·

158 1668 280 1732 Romulei]
297 1671 417 1735 Romani,
439 1675 463 1722 in
483 1675 541 1724 loco
559 1674 603 1724 ubi
614 1675 658 1725 do·
695 1668 1026 1738 giorprolixiorque'foret,
1037 1682 1113 1732 quum
1125 1672 1231 1717 utcum-

28 1803 30 1807 Ι
125 1744 374 1815 ruiuatusssomulus.
407 1750 657 1812 Majestatemsuam
695 1751 769 1800 mode
792 1764 823 1799 eo
845 1747 943 1797 tiueuts
969 1744 1150 1804 incederetur,
1176 1755 1242 1802 suc·¹

124 1822 373 1886 summo'quondam
401 1824 472 1873 civili
495 1825 657 1888 magistratui
696 1826 801 1890 cingere
824 1839 882 1874 euru
904 1837 963 1871 usus
976 1819 1065 1885 jussit.
1098 1817 1231 1869 Undebe·

124 1896 268 1946 reddidisse
300 1899 443 1949 Honorium
467 1901 562 1964 jactat,
588 1902 657 1964 quud
695 1900 778 1952 bitum
787 1915 889 1952 omnem
898 1904 973 1948 notat
986 1897 1093 1945 cinctus.
1186 1910 1192 1918 ·

21 1970 25 1985 ⁴
124 1970 186 2021 'eum
207 1972 233 2020 in
250 1973 319 2023 Arce
337 1975 403 2038 ipsa,
423 1976 495 2026 Urbe
507 1977 657 2027 scilicetre·
728 1977 846 2039 Gabinos]
864 1973 1001 2034 Pacificos,
1017 1970 1152 2031 Urbanos,
1166 1982 1229 2033 (1110ι

125 2062 180 2098 rum
192 2051 318 2114 principe,
329 2054 458 2104 sumserit.
695 2052 786 2102 Gabiis
798 2051 855 2101 urbi
872 2049 959 2098 illatos
973 2047 1084 2110 populus
1097 2045 1228 2094 Romanus

126 2122 261 2175 ''Sumont
275 2128 382 2191 exordio]
409 2126 512 2177 Annum
523 2130 656 2192 inchoent,
694 2126 775 2176 festos
788 2127 963 2190 pacificosque
973 2122 1096 2171 servavit.
1132 2120 1229 2173 Consul

125 2202 196 2265 qnod
210 2203 275 2252 scite
293 2203 392 2252 Plinius
410 2205 476 2255 dixit
495 2221 581 2255 annum
603 2221 657 2271 spe·
695 2209 781 2252 aurem
793 2198 1083 2251 Romanusbochabitu
1097 2197 1231 2260 utebatur,

123 2276 182 2327 rire.
694 2292 754 2328 cum
765 2276 956 2340 msgnialiquid
969 2273 1092 2323 facinoris
1110 2269 1229 2322 conficie-

156 2353 280 2416 suesque
300 2370 355 2403 saus
374 2356 457 2420 ducat]
483 2357 527 2406 Sic
549 2372 564 2405 e
589 2357 656 2406 libro
694 2358 748 2407 bat.
764 2355 917 2418 Virgilvrr.
933 2355 941 2380 ⁴
955 2353 1015 2414 lpse
1030 2350 1161 2402 Quirinali
1175 2354 1229 2399 tro·

125 2429 276 2498 Cluverius:
298 2431 425 2493 quomodo
445 2437 472 2478 et
491 2432 656 2480 Florentinus
694 2432 753 2495 bea,
772 2431 913 2492 cinctuque
925 2425 1048 2478 Gabino)
1076 2427 1169 2476 Manil.
1182 2424 1227 2475 lib.

124 2503 254 2554 sumu.
281 2506 366 2568 Vulgo
383 2511 445 2555 tuus.
476 2507 584 2568 Ter'pro
606 2513 656 2555 ter·
694 2522 732 2557 ru.
748 2505 853 2556 Astron.
870 2504 994 2568 ‘rituque
1010 2501 1114 2552 Gubino
1131 2497 1228 2551 Mse'nia

124 2579 197 2628 tium.
218 2580 295 2628 Forte
307 2585 393 2628 tamen
411 2581 506 2630 rectius
525 2581 655 2631 Oxonien·
694 2583 844 2632 succinctus
864 2593 944 2628 curvo
966 2576 1098 2626 describat
1123 2575 1228 2627 aratro!

122 2655 157 2704 sis
170 2657 206 2704 Et
216 2656 320 2718 triplices
331 2658 414 2705 ducat.-
421 2671 507 2720 pompa
519 2657 597 2713 etiam
608 2672 655 2720 pro
693 2657 790 2708 Gabini
809 2657 875 2704 enim
893 2661 998 2703 arantes
1015 2645 1156 2716 quondam,
1167 2666 1227 2702 cum

123 2729 202 2779 Ronm
212 2731 340 2780 meliores.
371 2733 501 2782 Caeterum
513 2734 655 2796 primoVa·
693 2732 726 2781 ab
746 2732 862 2781 hostibus
881 2729 968 2779 forent
984 2744 1016 2777 ex
1027 2728 1168 2792 improviso
1184 2727 1228 2776 de·

122 2807 211 2858 licerio
221 2809 264 2857 bi'e
283 2809 453 2875 panegyricus
467 2826 544 2861 manu
556 2813 655 2861 recenti
691 2807 822 2871 prehensi,
832 2806 913 2868 Togis
930 2819 961 2854 eo
977 2803 1070 2853 babitu
1084 2802 1225 2853 succinctis

124 2890 182 2934 erut
193 2884 350 2949 adscriptus.
379 2887 413 2936 D.
427 2887 513 2936 Heius.
691 2887 826 2936 victoriam
837 2889 993 2943 tenueruut;
1016 2882 1105 2946 itaque
1119 2879 1225 2951 urbanis

125 2976 132 2985 ·
155 2959 245 3022 Perque
265 2976 320 3010 suos
347 2964 417 3012 ducat
442 2963 555 3012 bclbtriu
569 2977 655 3026 pompa
691 2961 771 3010 sacris
789 2959 924 3025 festisque,
946 2973 977 3008 eo
995 2958 1093 3018 cinctu,
1104 2954 1225 3020 otterici,

122 3035 224 3098 mles]
241 3037 381 3084 Militarem
390 3051 510 3100 pompam
521 3036 586 3086 dicit
597 3038 655 3086 lm·
691 3036 926 3100 postmodumsuut
936 3033 986 3081 usi.
1003 3032 1094 3081 Barth.

122 3111 250 3173 peratoris
263 3111 446 3160 Consularibus
456 3112 578 3174 auspiciis
590 3126 655 3176 prae·
695 3130 697 3136 ·
722 3116 739 3162 4
757 3109 879 3175 Purpura]
896 3109 1019 3159 Gentium
1031 3121 1161 3157 consensu
1172 3107 1225 3157 Ro·

122 3192 233 3245 se'utem,
244 3191 271 3233 et
286 3185 435 3248 Principem
451 3187 552 3250 Togato
570 3189 654 3252 Magi·
691 3185 740 3251 giae
755 3186 894 3250 potestatis
915 3184 1025 3247 insigne.
1057 3183 1100 3232 Sic
1116 3183 1224 3247 usurpo·

121 3264 206 3309 stratu
218 3257 384 3322 conspicuum
399 3261 576 3329 comitantem,
585 3264 653 3333 quod
691 3262 833 3312 tumetium
845 3259 998 3309 Consulibus
1010 3258 1150 3308 Romanis.
1168 3259 1208 3308 lu.

121 3334 226 3400 privato
249 3335 345 3385 nemini
372 3337 482 3400 licuerit,
500 3340 527 3388 iu
549 3341 653 3390 Caesare
722 3337 798 3387 Diues
811 3334 965 3401 'Hydaspeis
985 3338 1098 3395 augescat
1113 3349 1222 3398 purpura

121 3418 207 3478 sutem
219 3414 396 3474 spectaculum
413 3417 529 3477 praebeat
539 3416 653 3465 luculeu·
687 3412 797 3476 gemmis]
813 3411 934 3474 Purpura
944 3409 1102 3473 Consularis,
1110 3407 1224 3475 alioquin

122 3488 258 3538 tissimum.
291 3488 392 3538 Alludit
404 3490 495 3539 eodem
504 3491 561 3540 aliis
572 3491 653 3553 libris,
689 3487 886 3552 pretiosissima,
899 3484 1093 3553 pretiosioribus
1106 3487 1224 3551 gemmis,

112 3563 166 3614 „bi
194 3564 306 3613 Martem
335 3571 363 3614 et
393 3565 530 3616 Quirinum
557 3566 653 3614 ducere
670 3617 672 3620 ,
689 3564 862 3628 Imperatorio
872 3556 991 3613 nimirum
1001 3563 1093 3613 babitu
1104 3563 1138 3613 iis
1150 3578 1225 3614 exor-

119 3637 202 3689 fasces
233 3638 373 3703 Angustos,
409 3641 497 3705 eisque
531 3642 651 3691 ornandis
689 3646 760 3701 nato,
772 3647 882 3702 augetur
897 3638 991 3702 pretio.
1023 3638 1164 3702 Hydaspes
1180 3639 1224 3689 lu·

121 3715 211 3764 edesse
223 3722 345 3765 autumat.
665 3735 670 3746 ’
689 3716 739 3766 dire
749 3713 852 3774 fluvius,
864 3713 937 3763 dives
957 3729 973 3762 a
992 3713 1109 3777 gemmis,
1119 3714 1226 3765 nobilis·

153 3792 248 3856 Ducat]
272 3795 415 3843 Comitetur
430 3808 463 3843 ex
479 3792 581 3843 Palatio
597 3794 651 3844 sive
688 3792 752 3840 simo
764 3786 847 3839 Indiae
860 3793 997 3852 proventu.
1023 3788 1137 3839 Seneca:
1155 3790 1229 3839 ‘Ru-¹

120 3869 349 3921 AulsiuCuriam.
382 3872 425 3919 De
437 3871 571 3921 domiciliis
583 3871 651 3919 cuim
688 3881 769 3930 reque
781 3864 852 3915 dives
863 3866 950 3927 cingat
962 3863 1119 3928 Hydaspes?
1148 3865 1224 3915 Idem.

120 3945 172 3996 suis
196 3947 405 4010 producebantur
421 3948 448 3996 in
465 3947 575 3996 Senatus
591 3961 651 3995 cou-
720 3949 735 3993 5
752 3941 883 3992 Succedunt
903 3941 977 3990 armis
996 3940 1094 4005 trobeoe]
1113 3941 1225 3991 Senatus

119 4022 221 4086 gregati
233 4022 377 4072 Concilium
389 4024 448 4073 novi
460 4023 594 4088 Consules,
606 4024 651 4073 sti·
688 4020 898 4084 conjunctionem
911 4033 969 4067 cum
988 4016 1124 4080 Principe,
1135 4023 1165 4068 et
1178 4017 1226 4067 mi·

120 4101 200 4163 psute
229 4095 363 4148 clientium
387 4095 580 4164 amicorumque
607 4113 651 4164 ag·
688 4097 762 4146 litem
773 4097 876 4160 utrique
895 4094 1051 4143 servientem
1063 4092 1147 4154 iacit3
1164 4108 1225 4144 raro
1260 4138 1264 4144 .

35 4195 42 4199 ·
118 4171 197 4224 rulue.
270 4178 301 4201 ·'
689 4170 808 4236 exemplo
831 4176 993 4236 temporum:
1021 4182 1081 4219 cum
1103 4167 1231 4237 plerique¹
