2700 4702
212 318 298 386 1270
411 333 520 382 norm
543 333 746 382 unsrosuu
770 332 811 380 m
836 331 894 380 on.
917 331 1057 382 annun.
1081 332 1115 378 r.

211 474 280 524 lors'
297 475 373 538 panio
394 481 455 524 ante
475 476 584 524 decedam
602 489 650 538 pro
670 476 743 524 dnae·
782 481 810 524 et
836 475 934 524 idcirco
956 488 1081 538 equorum
1110 469 1191 535 eopia
1216 468 1319 519 nomnz

212 551 267 598 dam
288 551 402 599 nonnulli
430 551 529 613 scripti.
563 550 664 600 Glossse
687 550 744 598 Ste-
780 549 892 611 Solinus,
901 563 959 612 esp.
968 552 1026 597 lia
1044 545 1236 611 ‘Cappadocia
1247 552 1312 594 terra

211 625 300 687 pinni,
325 625 424 687 decedit,
442 625 597 683 ἀποθνήσκω
625 626 743 675 meliores
781 630 842 672 ante
854 625 916 672 alias
924 623 1129 686 altrixeqnornm
1137 626 1168 669 et
1180 618 1314 684 proventui

212 707 299 749 tamen
310 700 558 763 provulgatastant.
578 703 614 749 D.
624 692 711 755 Heiae.
781 700 876 763 equino
898 697 1168 748 accommodatissima
1191 695 1249 756 est,'
1265 697 1311 742 iro.-

244 779 276 824 23
290 776 385 838 Objioe]
409 777 480 825 Male
501 777 744 826 unoiotaboecvox
781 775 857 823 Idem.
1147 785 1151 790 ⁴

212 851 347 912 scribitur,
369 866 428 900 cum
450 852 619 915 producitur:
646 866 693 915 per
714 851 743 899 li·
813 855 843 899 ⁸1
865 851 1128 914 Voluerunqaepareas
1141 850 1308 910 Argentea-aa·
1343 854 1348 913 f

211 927 324 976 centiam
345 929 413 976 enim
434 929 517 977 altera
535 929 655 989 ejicitur;
674 927 743 992 qnod
781 927 845 990 ram]
863 928 983 989 Epaarrnn
1002 940 1054 974 see.
1073 924 1199 974 vatican.
1211 923 1304 984 Virgiii·

211 1016 269 1051 crim
290 1002 316 1050 in
328 1002 441 1063 subicere,
461 1005 553 1052 adicere
575 1003 696 1064 viderint,
717 1003 743 1050 in
781 1004 986 1064 anoeaenrp103
1014 1003 1095 1050 etiarn
1118 1000 1215 1050 Oiselii
1236 999 1303 1048 liber.
1344 1004 1348 1071 f

210 1077 259 1126 hac
270 1078 349 1126 miror
358 1092 409 1126 non
421 1079 632 1128 animadvertisse
644 1079 743 1128 doctos.
782 1078 820 1126 D.
831 1078 917 1126 Heius.
1345 1080 1348 1147 ξ

211 1152 300 1201 Ratib-
814 1154 906 1202 Pareae
929 1154 1024 1214 Argeas
1048 1150 1175 1214 eamn]
1214 1147 1306 1211 Argeas·
1346 1176 1348 1195 2

113 1229 116 1233 '
243 1231 274 1275 2⁵
294 1228 391 1276 cladem
412 1228 494 1276 stianit
516 1229 541 1276 in
560 1228 650 1291 orbem]
679 1229 743 1277 Haec
781 1226 1188 1292 monsCeppadoeiae,eqnitibus
1197 1224 1304 1275 celebris.

212 1315 274 1349 vera
296 1302 384 1364 lectio,
411 1318 487 1367 quem
507 1304 598 1367 scripti
624 1306 745 1353 meliores
781 1306 870 1354 Bartlr.

211 1388 317 1429 tuentur
325 1388 352 1430 et
366 1383 566 1446 Rapbeiengius.
601 1384 744 1445 Alii,dimi-
813 1384 845 1428 82
861 1376 1173 1441 Jamrnbdaltnslialys]
1191 1374 1305 1436 Defflll

210 1457 252 1504 sit.
285 1457 333 1505 Vir
344 1456 495 1522 doatus,qui
507 1460 619 1522 dubitat,
630 1475 661 1509 sn
674 1461 744 1509 Lati·
780 1454 858 1503 fluvio
868 1455 1027 1514 Herodotus,
1036 1453 1141 1514 Strabo,
1151 1452 1303 1512 pusinnae.
1346 1476 1348 1503 :

211 1542 272 1581 num
286 1532 328 1593 sit,
338 1534 428 1582 abdens
442 1535 556 1597 diuidere,
570 1549 654 1584 crassa
668 1536 742 1583 nimis
813 1530 897 1592 Iniqua
911 1532 993 1578 Monte
1006 1528 1085 1590 Gilia]
1107 1528 1234 1602 Taurum,
1251 1524 1305 1574 Cili·

211 1608 332 1657 Minerva
343 1623 404 1657 usus
414 1616 470 1659 est:
488 1620 577 1659 noster
588 1611 620 1659 de
630 1612 679 1673 piis
691 1610 743 1658 fra·
780 1607 829 1655 oiae
842 1614 964 1665 montem,
981 1606 1014 1654 ob
1026 1603 1207 1653 difficultatem
1223 1599 1306 1650 transi

210 1683 310 1732 tribus:
329 1685 448 1733 ‘Divisit
467 1686 552 1734 vultus
572 1701 631 1735 oum
642 1688 742 1748 pietate
781 1676 1303 1746 tusiniquumrocat3estenimmaximus.

210 1755 304 1806 faber?
331 1759 399 1807 Stat.
418 1760 499 1808 Theb.
515 1774 545 1809 n.
566 1761 678 1809 ‘Partes
700 1775 743 1823 pa·
781 1760 860 1809 Ovid.
873 1760 919 1808 lib.
933 1774 960 1809 x.
977 1762 1042 1822 ‘per
1049 1759 1115 1820 juga
1124 1756 1224 1804 montis·
1233 1752 1307 1816 iniqui

210 1833 275 1882 riter
286 1834 419 1897 divisusin
429 1836 536 1884 omnes!
554 1836 649 1885 Catuli.
669 1837 742 1887 ‘Nos
781 1838 824 1886 Ire
837 1852 933 1898 corner,
944 1837 1072 1900 longaque
1090 1834 1138 1882 alit
1149 1833 1308 1882 assuetudine

210 1909 261 1958 alio
288 1916 399 1972 mentes,
420 1912 471 1959 alio
497 1911 630 1960 divisimus
652 1912 742 1962 aures!
780 1911 914 1960 flammas!
931 1913 1019 1961 Bartlr.

209 1985 253 2034 Sic
264 1986 369 2034 dividere
379 1989 466 2049 osenla,
478 1988 573 2036 Horat.
592 1989 636 2037 lib.
654 2002 672 2036 r.
690 1988 743 2036 Od.
813 1993 845 2036 st
861 1988 1035 2050 Adsuetamque
1064 1985 1156 2049 eboris]
1192 1987 1305 2050 Syrorum

211 2066 251 2112 86.
285 2065 384 2113 Noster
394 2064 472 2126 infra,
492 2067 500 2092 ‘
511 2066 601 2114 Divisa
613 2073 665 2114 stat
675 2067 743 2130 quis·
780 2065 901 2113 mollities
912 2073 939 2113 et
949 2065 1049 2113 deliciae
1058 2064 1212 2124 notissima,
1225 2061 1306 2126 praeci·

210 2152 261 2200 que
273 2140 330 2188 loco
340 2140 355 2187 :’
367 2140 494 2203 quomodo
505 2141 660 2202 legendum:
676 2148 705 2190 nt
716 2149 743 2189 et
781 2155 832 2203 pue
849 2140 1004 2201 Antiochiae,
1015 2154 1090 2204 quam
1102 2140 1181 2187 alluit
1192 2139 1307 2188 Orontes.

209 2212 306 2262 libus.
317 2215 343 2262 in
352 2215 451 2263 Stilicb.
463 2216 471 2243 ‘
483 2215 600 2264 omnibns
611 2217 662 2264 illis
671 2217 743 2266 Prae-
780 2216 857 2264 Unde
868 2217 1001 2267 luvenalis
1013 2217 1104 2278 pulcre
1115 2215 1149 2263 de
1161 2214 1307 2262 moribusiis

210 2296 285 2337 terea
297 2290 393 2339 divisus
405 2297 462 2339 erat
474 2290 564 2340 favor?
596 2293 683 2353 Silius,
700 2293 742 2342 lib.
782 2292 924 2340 Romanam
935 2293 1102 2340 severitatem
1112 2290 1293 2352 superantibus
1302 2293 1318 2336 :'

209 2377 240 2412 11.
275 2366 344 2413 ‘Ille
369 2381 459 2428 vagam
479 2367 545 2415 coelo
563 2367 653 2416 divisit
673 2383 743 2431 saepe
781 2366 857 2416 ‘Jam
869 2366 970 2428 pridem
992 2367 1071 2429 Syrus
1090 2367 1118 2414 in
1136 2366 1254 2414 Tiberim
1272 2365 1309 2414 de·

209 2439 370 2487 volucremz'
398 2448 426 2488 ut
450 2448 523 2489 recte
541 2443 624 2503 prima
641 2442 742 2493 editio:
780 2440 1088 2490 fluxitOrontes.’1dem.

209 2514 315 2563 dividere
328 2516 402 2577 dixit,
422 2531 469 2578 pro
484 2518 573 2579 jaonlo
590 2520 743 2582 transigere.
814 2522 846 2566 36
865 2518 960 2565 Getieis
973 2519 1068 2580 Europa
1084 2519 1188 2567 enervis
1201 2519 1310 2568 Ludibrio

209 2588 348 2638 Adeantur
365 2607 422 2655 qrrae
444 2599 562 2641 notamus
582 2592 615 2641 ad
637 2595 742 2644 Metam.
780 2592 864 2654 datin]
882 2593 1011 2641 Omnibus
1025 2593 1080 2656 ejus
1097 2594 1201 2656 generis
1214 2593 1311 2657 populis

202 2665 255 2714 lib.
266 2679 307 2714 m.
341 2667 461 2730 Nasonis,
473 2683 497 2716 v.
507 2672 564 2716 380.
581 2667 649 2717 iufra
661 2670 742 2731 plura.
781 2669 896 2717 barbaris
907 2683 1048 2732 pariumque
1058 2675 1113 2717 turn
1126 2669 1248 2730 cognitis.
1264 2668 1313 2718 (dee
1335 2693 1337 2700 ·

210 2740 263 2790 Pro
275 2742 301 2789 in
320 2741 409 2803 orbem,
418 2743 444 2791 ia
453 2743 523 2791 arbes
535 2752 587 2791 tres
599 2745 742 2807 antiquissi·
780 2746 839 2793 tiam
852 2746 919 2793 enim
932 2752 1022 2807 gentes
1037 2746 1253 2807 appellabantur,
1263 2744 1311 2793 Ho-

208 2817 243 2864 mi
255 2816 314 2864 libri
324 2822 335 2864 ε’
349 2832 449 2881 sequor.
460 2818 509 2866 nisi
521 2819 602 2866 mavis
613 2821 691 2868 clades
705 2821 742 2868 di·
780 2821 853 2869 norio
863 2835 949 2869 rerum
960 2823 1087 2883 potiente,
1096 2821 1311 2879 Gotbi‚Vandali,

208 2891 298 2940 visilia
310 2892 399 2941 orbem'
414 2894 447 2942 D.
460 2893 551 2942 Heins.
780 2897 917 2958 visigothi,
926 2898 1115 2958 Sarmatae,&o.
1124 2897 1310 2945 uttraditPro·

241 2973 274 3018 26
291 2969 381 3032 Nefas]
401 2971 503 3018 Bellum
522 2971 658 3024 nefarium.
692 2976 742 3022 Lu-
780 2972 881 3033 copins,
900 2971 943 3021 lib.
966 2985 984 3020 1.
1005 2972 1038 3019 de
1059 2971 1137 3020 Bello
1152 2972 1308 3020 ¹vandalico.

209 3060 266 3094 can.
283 3046 327 3095 lib.
339 3061 390 3095 vn.
406 3049 462 3095 ‘Et
481 3047 581 3111 fugiens
603 3051 679 3099 civile
700 3067 743 3100 ne·
781 3047 855 3095 Idem·

208 3117 248 3167 fas
259 3120 426 3184 redituraque
438 3137 568 3185 nunquam
582 3125 718 3174 Libertas.'
812 3127 843 3172 st
862 3123 1004 3172 Frondeatis
1023 3125 1054 3171 ad
1075 3135 1152 3185 usque
1171 3112 1309 3183 Dalmatia]

244 3195 322 3256 Terga
349 3192 468 3258 Danubii]
503 3199 595 3247 Glacie
623 3201 740 3251 solidata.
780 3200 897 3248 Silvosae.
930 3200 998 3247 Vide
1010 3199 1193 3262 Geograpbos.
1211 3201 1283 3250 Iden.

209 3268 298 3320 Barth.
812 3280 843 3324 38
861 3275 1016 3338 Omnisque]
1035 3275 1127 3323 Omnis
1149 3278 1230 3326 tellus
1248 3278 1307 3326 inm

241 3350 273 3395 2⁷
291 3348 537 3411 Expertaquerenas]
554 3351 654 3414 Saepius
665 3353 742 3401 remis
779 3353 892 3402 Pontum
912 3359 940 3401 et
962 3355 1037 3401 Mare
1057 3351 1226 3402 Adriaticum
1244 3355 1305 3410 sita;

209 3425 337 3488 navigata.
357 3426 431 3475 Idem.
780 3445 837 3492 quae
850 3431 882 3477 sit
894 3430 938 3477 iila
947 3429 1037 3477 videre
1049 3437 1125 3491 potes
1135 3431 1162 3477 in
1176 3430 1307 3490 tabulis‚et

240 3505 272 3549 28
292 3502 380 3564 Caspia
402 3503 516 3565 elaustro]
541 3505 642 3551 Κλεῖδας
664 3511 742 3553 vorat
779 3505 846 3568 apud
859 3505 965 3554 Melam.
989 3505 1063 3552 Idem.

207 3577 356 3640 Dionysius.
374 3578 452 3646 Idem,
811 3585 841 3628 41
861 3580 943 3627 Instar
961 3580 1094 3628 anhelantis
1111 3579 1213 3644 Libya]
1234 3579 1310 3643 luitpr

240 3657 272 3702 30
291 3654 400 3701 Orientis
431 3653 496 3716 opes]
521 3654 655 3705 Anatolio:
683 3672 740 3705 nam
780 3661 867 3702 autem
890 3671 950 3717 pars
974 3669 1079 3718 semper
1096 3657 1209 3718 torrida,
1230 3656 1304 3705 arenis

189 3729 501 3791 'constantinopolitanis
535 3731 746 3793 imperatoribus¹
778 3731 955 3793 squalentibus
973 3736 999 3779 et
1023 3731 1200 3780 aestuantibus
1221 3733 1304 3788 obsita,

207 3819 293 3854 rernm
306 3807 476 3869 potientibus,
490 3806 549 3853 Asia
564 3808 646 3855 minor
658 3808 740 3857 ἄνατα.
778 3807 875 3853 nullum
888 3806 990 3853 immani
1009 3807 1093 3854 cultus
1116 3807 1255 3869 vestigium
1270 3820 1305 3868 ag·

207 3879 240 3938 λὴ
260 3881 448 3943 appellabatur.
483 3881 673 3931 Potesttamen
687 3886 740 3933 uni·
778 3883 870 3930 noscit.
905 3882 981 3929 Unde
997 3881 1146 3929 anhelantem
1159 3884 1236 3946 qrrasi
1252 3876 1306 3931 aestit

207 3972 297 4007 versus
309 3957 403 4004 Oriens
417 3957 583 4004 barbarorum
597 3959 739 4008 incursibus
778 3955 943 4005 fatiscentem
958 3965 1041 4006 vocat.
1073 3959 1200 4010 Martiam
1214 3957 1305 4023 Capell.

208 4032 342 4095 impetitus
354 4033 473 4091 intelligi.
493 4033 567 4080 Idem.
778 4034 795 4080 l.
809 4046 846 4080 ιν.
863 4034 950 4081 ‘Haec
969 4042 1054 4082 autern
1073 4048 1105 4080 ex
1127 4037 1214 4084 arenis
1226 4037 1305 4097 Libya

218 4113 220 4117 '
239 4109 333 4156 Pascua
347 4109 522 4172 Cappadocum]
533 4109 572 4156 Es
581 4107 649 4159 enim
660 4114 740 4176 regio,
777 4109 922 4159 anhelantis
935 4109 1093 4169 adducitur,'
1105 4114 1156 4160 dio.
1179 4112 1248 4161 Vide
1258 4109 1306 4159 tli-

206 4197 304 4252 pascua
312 4196 428 4247 magnam
436 4182 604 4251 partem,uon
613 4187 739 4253 Cerealis,
777 4186 891 4236 crobium
911 4186 938 4236 in
955 4184 1148 4248 Soranium,11.
1167 4188 1195 4239 i.
1214 4186 1310 4240 hoen·
