2700 4702
544 298 833 349 aelosaulltars.

121 437 243 503 Editus
257 458 302 502 ex
317 443 412 504 utero
427 457 541 504 caecus
555 459 645 507 nova
657 441 785 506 lumina
801 440 916 520 sensit,

165 537 210 601 at
224 543 340 622 stupet
353 541 500 621 ignotum
514 560 551 603 se
564 540 721 606 metuisse
736 543 836 606 diem.

121 639 272 703 Lazarus
287 662 306 704 e
323 643 460 718 tumulo,
476 640 609 706 Christo
624 643 834 722 inclamante,
850 645 1002 728 resurgit,

165 743 209 807 Et
223 744 317 809 durae
333 747 447 810 mortis
461 747 516 810 lex
529 747 677 809 resoluta
692 749 785 828 perit.

123 841 305 910 Nutantem
322 847 430 928 quatit
444 846 536 911 unda
550 846 709 911 Petrum:
733 850 787 911 cui
805 848 959 913 Christus
975 849 1007 912 in
1022 848 1091 914 alto

164 945 208 1009 Et
222 947 342 1010 dextra
357 968 489 1029 gressus
502 947 623 1024 firmat,
638 955 672 1012 et
687 970 743 1013 ore
758 950 868 1012 fidem.

123 1044 313 1127 Exsanguis
329 1047 454 1112 Christi
469 1048 626 1130 contingit
640 1048 778 1113 foemina
793 1056 939 1116 vestam:

162 1147 240 1211 Stat
254 1168 351 1212 cruor
366 1152 399 1213 in
415 1153 529 1229 veuis;
552 1151 589 1213 fit
604 1151 768 1215 medicina
783 1151 878 1216 fides

122 1246 143 1310 J
145 1240 245 1312 ussus
262 1255 342 1331 post
355 1251 478 1315 multos
493 1252 636 1333 graditur
650 1254 857 1336 paralyticus
874 1274 988 1333 annos,

162 1349 368 1427 Mirandum,
384 1352 463 1415 lecti
478 1353 618 1435 portitor
635 1354 710 1436 ipse
725 1355 789 1416 sui.

121 1551 147 1587 er
158 1544 212 1588 tam
223 1542 290 1589 tenui
299 1540 357 1589 cibo
369 1541 469 1604 imperet
478 1543 531 1604 plus
541 1547 638 1591 restore.
672 1544 757 1593 Homo
767 1560 841 1595 eoecar
860 1547 897 1594 sic
914 1551 984 1596 amas
1000 1563 1032 1597 ex
1042 1553 1118 1598 matre
1131 1549 1221 1613 recepit

120 1604 191 1652 mum
202 1619 298 1661 aooum,
309 1610 333 1653 et
342 1606 473 1654 admiratur
481 1621 506 1653 se
515 1608 668 1667 promeritam
685 1622 732 1656 erse
743 1610 817 1658 lucem
828 1611 981 1672 incognitam.
998 1612 1112 1675 Murus,
1125 1613 1221 1662 Christo

120 1673 222 1730 cerame,
233 1669 338 1730 resurgit
348 1684 378 1718 ee
388 1671 502 1731 sepulcro,
520 1675 543 1718 rt
561 1672 694 1718 texrmrer's
709 1686 796 1722 cerere
814 1674 905 1723 subluto
924 1677 1047 1725 evanescit.
1080 1679 1150 1738 Aqua
1168 1693 1222 1726 corr·

119 1731 175 1781 cutit
193 1733 294 1780 Petrum
304 1733 435 1782 labantem:
452 1735 491 1789 eui
510 1734 620 1782 Christus
629 1735 654 1782 ia
668 1736 730 1784 mari
739 1735 855 1800 profundo
863 1739 985 1800 coufirmat
997 1755 1065 1787 mauu
1075 1743 1145 1802 pedes
1160 1741 1222 1790 litu·

122 1794 221 1859 bantes,
233 1796 337 1860 etfldem
348 1812 393 1846 suo
408 1812 455 1846 ore.
489 1798 595 1847 Foemino
605 1801 714 1847 emblem
724 1803 862 1860 romulaeis
873 1804 953 1862 longit
966 1803 1102 1851 uestimento
1115 1804 1222 1851 Christi:

120 1864 139 1906 et
154 1860 255 1920 souguie
275 1867 378 1909 remanet
395 1861 421 1908 ia
431 1861 512 1917 osuiu
521 1863 586 1924 fides
594 1862 628 1926 ju
641 1864 688 1925 ipsi
699 1866 834 1913 remedium.
871 1867 1022 1929 Perclyticus
1036 1867 1105 1925 jussu
1124 1867 1221 1915 Christi

120 1923 223 1972 ambulat
233 1924 338 1973 tandem
346 1929 400 1988 post
411 1939 483 1974 anuos
489 1928 624 1989 complures,
632 1926 682 1991 ipse
688 1934 785 1989 gerlam
795 1931 879 1978 lectum
889 1945 966 1992 mum,
976 1945 1029 1980 rem
1040 1930 1222 1980 admirabilem!

621 2073 730 2124 NOTAE

121 2201 165 2236 nos
182 2184 386 2249 fragmentorum
403 2200 436 2234 ex
448 2184 565 2249 ⁴quinque
582 2184 651 2247 paui·
692 2200 793 2250 aquam,
803 2186 848 2234 sed
862 2202 919 2236 cum
932 2188 1052 2250 coepisset
1068 2189 1159 2252 mergi,
1170 2190 1222 2239 cla·

120 2261 165 2310 hus
187 2261 333 2323 hordaeeis,
352 2276 408 2325 quar
430 2259 650 2322 superfuerunt...
692 2260 1222 2323 mautrauers,nominesalvummetac:

121 2339 337 2387 Manducautium
356 2344 443 2386 autem
458 2336 512 2396 suit
531 2351 651 2386 numerus
692 2344 719 2385 ct
731 2338 852 2396 contiuuo
863 2339 939 2389 lesus
956 2338 1098 2388 extendens
1110 2353 1221 2402 manum,

120 2414 234 2477 quinque
245 2413 325 2462 millia
336 2414 456 2473 virorum,
468 2413 586 2474 exeeptis
598 2428 651 2461 mu·
692 2415 864 2475 apprehendit
879 2429 946 2475 curn,
958 2421 985 2463 et
994 2415 1030 2463 ait
1043 2414 1089 2475 illi,
1105 2413 1219 2462 Modicia

119 2490 227 2539 lieribus
237 2497 263 2539 ct
274 2488 404 2553 parvulis?
432 2490 491 2538 Hoc
501 2489 651 2538 miraculum
691 2485 762 2548 fidei,
774 2504 854 2553 quare
866 2490 991 2538 dubitasti
999 2489 1016 2538 θ’

120 2565 220 2615 aditum
242 2574 283 2615 est
305 2567 330 2614 in
358 2566 463 2614 deserto
493 2562 651 2626 Bethsaida,
723 2568 753 2611 1⁵
774 2566 923 2628 Eemegria]
942 2566 1156 2625 Hoemorrheisaa,
1173 2576 1227 2613 seu*

119 2648 190 2690 trans
206 2657 278 2690 mare
288 2640 443 2690 Tiberiadis.
476 2640 548 2689 Alias
565 2639 651 2709 tibris·
690 2639 867 2704 ‘mulierquar
885 2639 1125 2703 sanguinistiuxum
1140 2640 1222 2703 patie-

118 2723 159 2765 tus
196 2721 297 2779 septem
318 2718 426 2780 panibus
449 2722 476 2766 et
498 2702 651 2779 quibublam
691 2716 778 2777 batur,
797 2717 934 2766 duodecim
955 2718 1035 2778 annis,
1053 2733 1102 2765 nec
1120 2717 1152 2765 ab
1169 2717 1221 2764 ullo

119 2792 252 2855 pisciculis
271 2793 342 2854 pavit
357 2794 489 2856 ‘quatuor
508 2790 590 2839 millia
606 2790 650 2838 ho·
691 2792 780 2840 medico
790 2793 876 2855 potuit
887 2792 982 2852 curari,
996 2793 1083 2855 tetigit
1093 2791 1221 2840 fimbriam

119 2869 226 2927 minum,
238 2875 313 2916 extra
325 2869 445 2931 parvulos
457 2875 484 2915 et
493 2866 628 2916 mulieres!
692 2868 838 2916 vestimenti
850 2869 915 2930 ejus,
924 2875 950 2916 et
962 2866 1096 2916 confestim
1107 2867 1220 2914 siccatus

150 2950 167 2994 9
186 2944 280 3006 Cacus]
297 2946 388 2993 Cacus
406 2944 450 2993 ille
469 2948 545 2991 natus
561 2943 598 2991 sio
615 2943 651 2992 lo·
690 2949 732 2992 cst
743 2941 800 2991 fons
814 2943 962 3006 sanguinis!

119 3019 651 3084 quiturdcChristo,‘Lutumruihiposuit
725 3025 756 3070 16
783 3021 826 3081 ⁸Fit
848 3021 964 3070 medicina
983 3021 1059 3085 fider]
1086 3019 1220 3070 ‘Confido

119 3111 197 3161 super
206 3099 305 3153 oculos,
317 3102 344 3145 st
355 3096 405 3143 lavi
415 3102 443 3144 et
454 3094 548 3145 video!
691 3095 760 3158 tilia,’
773 3097 859 3144 aiebat
877 3099 1006 3146 Christus:
1029 3096 1112 3146 ‘tides
1131 3105 1175 3146 tua
1193 3105 1220 3146 te

151 3181 183 3224 10
203 3176 329 3238 Meruisse]
348 3176 388 3224 Ex
401 3175 577 3224 misericordia
588 3175 650 3223 darr-
691 3172 788 3220 salvam
800 3171 880 3222 fecit!

119 3250 154 3300 tis
165 3256 195 3299 et
210 3249 277 3300 tide:
294 3252 339 3300 hos
351 3252 419 3300 euim
436 3265 482 3300 sua
493 3249 558 3299 fides
568 3251 651 3299 salros
724 3252 754 3296 1⁷
774 3249 933 3312 Purolyticm]
954 3249 997 3298 Sic
1009 3250 1111 3310 dicitur,
1122 3248 1169 3298 leb
1178 3250 1222 3298 rori

118 3323 245 3375 faciebat.
690 3322 826 3386 eupolim,
834 3326 968 3385 dissolvere,
980 3326 1047 3390 qnod
1063 3327 1104 3376 hic
1115 3326 1221 3376 morbus

151 3405 182 3450 11
217 3402 312 3450 Gbristo
336 3401 488 3463 inclamante]
522 3401 649 3462 Christus,
690 3402 804 3449 resolvat
813 3401 938 3465 membra,
954 3410 981 3450 et
999 3402 1059 3465 ipsis
1076 3417 1178 3451 sensum
1190 3415 1221 3450 ac

117 3478 204 3526 ‘voce
220 3493 315 3541 magua
332 3479 462 3540 clamavit,
479 3479 573 3525 Lazaro
591 3476 648 3524 rani
690 3483 787 3524 motum
800 3477 904 3526 adimat.
945 3479 1023 3526 Hunc
1038 3485 1133 3540 autem,
1144 3492 1220 3542 quam

117 3553 199 3604 foras.
233 3555 268 3603 Et
284 3556 371 3603 statim
387 3553 493 3617 prodiit,
504 3552 547 3615 qrri
561 3550 649 3601 furerat
691 3554 698 3579 ‘
712 3565 757 3613 per
769 3552 868 3614 tegulas
880 3553 1073 3614 submiserunt:
1089 3554 1126 3601 sic
1137 3553 1221 3601 (ituris-

118 3631 347 3693 mortuus,iigatns
356 3630 455 3694 pedes‚'
466 3633 519 3678 &ct
692 3633 733 3676 tus
745 3629 889 3692 alloquutus
899 3635 953 3678 est:
971 3630 1080 3693 ‘Sarga
1090 3629 1153 3677 tolle
1165 3641 1221 3690 gra-

153 3709 185 3754 12
201 3705 278 3754 Dreroe
288 3706 431 3769 mortiella]
449 3704 651 3757 Quaaeminem
689 3702 1040 3764 batumruumetambular
1073 3703 1143 3753 Hinc
1158 3702 1220 3752 dici·

117 3781 183 3831 sinit
194 3795 338 3845 resurgere.
692 3784 744 3843 tur,
753 3779 809 3827 lecti
817 3781 919 3843 portitor
928 3780 978 3843 ipse
987 3781 1032 3829 sui.

152 3859 184 3905 1³
201 3856 313 3921 Petrum]
330 3858 383 3909 Hic
399 3857 564 3907 ‘ambulabat
575 3869 652 3920 super
