2700 4702
206 313 294 386 lati
640 332 656 339 ”·
690 329 829 383 maora

207 474 296 540 Ante
310 481 433 554 tamen,
448 473 585 559 proprio
599 475 757 558 quicquid
773 478 814 541 de
830 472 967 560 corpore
977 472 1090 556 restat,
1128 524 1131 529 ψ

252 574 419 660 Ossaque,
432 577 486 642 vel
501 579 640 653 cinereo,
655 578 864 661 exuviasque
879 599 971 657 suas,

208 678 361 761 Unguine
376 679 561 755 balsameo,
574 680 773 761 myrrhaque
785 685 818 743 et
831 681 925 744 thure
940 681 1052 746 soluto

252 780 386 856 Condit,
402 781 481 842 etin
496 781 633 844 formam
649 782 827 862 conglobat
840 801 897 847 ore
915 783 985 865 pio.
1247 782 1310 848 12⁰

209 878 322 960 Quam
336 880 478 962 pedibus
494 888 629 962 gestans
644 883 813 947 contendit
827 883 916 947 Solis
931 885 976 951 ad
990 884 1116 961 urbem,

252 983 361 1071 lnque
378 1003 436 1046 ara
449 983 611 1061 residens,
627 986 723 1066 ponit
737 986 771 1048 in
786 986 860 1049 aede
875 1006 983 1052 sacra.

209 1083 400 1147 Mirandam
414 1104 488 1148 sese
502 1091 652 1167 praestat,
668 1079 861 1169 praebetque
874 1087 1015 1152 videnti:

251 1185 385 1248 Tantus
400 1187 454 1251 avi
470 1186 570 1251 decor
584 1193 646 1264 est,
663 1194 774 1252 tantus
787 1187 935 1252 abundat
949 1189 1066 1254 honor.

210 1286 386 1369 Principio
402 1289 492 1351 color
507 1293 568 1366 est,
581 1291 691 1370 qualis
706 1291 769 1354 sub
785 1290 894 1354 sidere
908 1291 999 1368 coeli,
1246 1289 1308 1355 1⁶25

242 1380 355 1453 'Mitis
370 1409 468 1472 quem
484 1409 603 1453 croceo
618 1390 749 1454 Punica
762 1409 863 1471 grana
876 1391 1008 1471 legunt:

211 1488 333 1568 Qualis
347 1492 434 1554 inest
447 1491 550 1568 foliis,
562 1510 638 1572 quae
652 1491 715 1555 sert
730 1495 858 1572 agreste
872 1509 1032 1573 papaver,

254 1589 340 1655 Cum
355 1593 472 1674 pandit
484 1599 597 1656 vestes
614 1591 718 1657 Flora
730 1594 866 1657 rubente
881 1592 967 1656 solo.

211 1690 291 1757 Hoc
305 1692 430 1757 humeri
447 1699 635 1776 pectusque
650 1693 771 1757 decens
785 1694 950 1757 velamine
963 1692 1104 1774 fulgent:

254 1793 334 1858 Hoc
350 1801 463 1877 caput,
478 1794 544 1858 hoc
559 1794 685 1872 cervix,
700 1811 895 1876 summaque
910 1798 1001 1876 terga
1013 1793 1133 1858 nitent.
1249 1792 1310 1856 130

211 2107 274 2155 uolut
285 2106 315 2152 nd
324 2105 416 2167 patrias
427 2098 530 2156 sudrei.
551 2105 649 2154 Erebi:
666 2108 698 2154 ud
707 2105 799 2168 patrios
815 2112 867 2154 tres
879 2104 937 2154 edd.
949 2103 1050 2153 Romm.
1067 2104 1099 2151 ud
1108 2101 1201 2165 primus
1211 2100 1276 2149 male
1285 2101 1307 2148 iu

212 2171 255 2218 ed.
280 2171 345 2217 Ven.
363 2171 437 2221 Jnnt.
459 2168 518 2219 ΑΜ.
539 2172 609 2219 Pith.
630 2172 782 2232 ceterisque.
799 2169 1254 2218 nuntreditnroVat.sec.—120aere
1272 2166 1308 2227 pto

213 2234 404 2283 Marem—121
426 2235 487 2288 Quoe
498 2235 598 2282 Bodlei.
618 2236 688 2282 Hunc
700 2234 829 2282 Francius.
849 2233 980 2281 conscendit
993 2232 1101 2278 Maran.
1120 2229 1226 2277 intendit
1237 2228 1309 2277 Hafn.

214 2297 293 2361 qnod,
304 2298 487 2346 subintellecto
497 2299 552 2358 iter,
561 2298 680 2360 placebat
692 2298 796 2345 Heinsio
803 2306 831 2346 et
842 2295 1028 2357 Oudendorpb.
1040 2301 1068 2343 ut
1078 2293 1148 2357 apud
1158 2292 1220 2341 Ter.
1232 2292 1308 2341 Andr.

211 2375 244 2409 rr.
256 2365 280 2408 2.
291 2366 315 2409 6.
333 2375 377 2422 quo
389 2377 450 2408 nunc
459 2362 562 2423 primum
572 2363 780 2410 intendem—128
799 2376 844 2422 pro
853 2362 942 2409 videnti
949 2360 1090 2408 Vossianus
1107 2357 1310 2406 uehementircuru

214 2425 344 2473 Mediceo.
360 2425 518 2472 vehementem
536 2424 695 2473 Hatriensis.
712 2425 818 2473 orientis
834 2425 961 2474 0xonius.
981 2423 1062 2472 editio
1080 2423 1199 2470 Romana
1214 2421 1311 2470 nemi.

197 2520 202 2526 ·
213 2502 279 2537 unus
290 2488 432 2535 Vaticanus
441 2489 548 2537 nolanis.
565 2488 637 2536 locus
648 2488 872 2550 mendosus,nam
884 2495 929 2536 aut
943 2488 1032 2550 prebet
1043 2493 1088 2535 aut
1098 2490 1199 2548 mactat
1210 2492 1266 2533 erat
1278 2485 1312 2532 di·

214 2552 334 2609 cendum,
347 2553 474 2599 alterutro
486 2553 590 2601 omisso.
607 2559 652 2600 aut
670 2553 718 2601 boc
736 2560 782 2600 urit
800 2553 862 2600 illud
875 2567 908 2599 ex
926 2553 1056 2613 scriptura
1067 2549 1188 2599 codicum
1198 2550 1312 2597 variante

163 2664 167 2675 ,
214 2617 316 2664 ridetur
328 2617 473 2677 obrepsisse
483 2615 542 2664 hnic
559 2617 625 2676 loco,
642 2624 686 2665 aut
700 2616 769 2664 aliod
781 2618 866 2664 nescio
879 2616 940 2679 quid
959 2615 1077 2663 vocabuli
1097 2613 1236 2662 excidisse.
1252 2620 1311 2675 puto

212 2680 347 2742 cuicumque
358 2682 435 2727 terenti
447 2695 494 2743 pro
503 2680 637 2742 prebetque
646 2680 736 2728 uidenti
748 2679 892 2741 legendum.
910 2685 1038 2741 praeterea
1051 2677 1191 2726 Mirandum
1201 2691 1313 2738 seoeproe·

212 2749 263 2793 etot
272 2745 412 2794 Vossianus
422 2751 449 2792 et
458 2744 501 2792 alii
513 2745 638 2793 nonnulli.
649 2744 684 2791 nil
698 2751 775 2791 muto.
784 2744 868 2791 Versu
879 2743 993 2805 proxime
1005 2741 1176 2817 subsequenti
1186 2741 1314 2803 corrigen-

214 2808 286 2867 dum,
305 2809 394 2855 Tantus
412 2810 451 2856 uet'
467 2811 589 2857 decorent.
606 2808 645 2855 obi
657 2809 780 2869 scriptum
800 2805 888 2855 fuerat
899 2807 1059 2869 antiquitus,
1075 2805 1135 2853 lunc
1154 2804 1191 2851 ibi
1209 2803 1313 2855 fuctum.

214 2873 324 2922 Faciunt
336 2880 492 2919 tamencum
505 2873 615 2934 vulgatis
637 2872 728 2934 scripti
751 2871 864 2930 codices,
884 2871 932 2918 nisi
951 2869 1020 2934 quod
1040 2882 1105 2917 unus
1126 2867 1270 2917 Vaticanus
1283 2868 1314 2918 ri.

213 2936 343 3001 quomodo
353 2936 510 2998 conjiciebat
520 2936 642 2984 Bartlrius
654 2935 687 2983 ad
699 2935 833 2996 Clarrdian.
846 2949 903 2998 pag.
915 2938 972 2982 978.
990 2933 1035 2981 sed
1048 2940 1162 2980 nostram
1175 2932 1316 2982 restitutio·¹

213 3013 274 3048 nem
285 2999 410 3048 veriorem
423 2999 498 3046 duco.
516 3000 598 3060 possis
610 3000 698 3059 etiam,
715 3000 804 3047 Tantus
814 2999 897 3061 ubique
908 3001 986 3058 decor,
1008 2997 1085 3060 idque
1098 2995 1209 3056 arridet,
1222 3003 1253 3045 ut
1262 3008 1315 3044 ver«

215 3064 275 3112 bum
287 3064 474 3111 substantivum
486 3068 522 3109 est
534 3064 574 3111 hic
586 3070 745 3118 amoveatur,
764 3063 831 3124 quod
849 3064 999 3110 hexametro
1012 3062 1128 3123 proxime
1148 3058 1314 3124 subsequenti

215 3141 303 3175 rursus
315 3127 435 3175 occurrit.
454 3126 545 3176 Heius.
562 3125 701 3175 Mirandum
713 3128 821 3174 Maian.
839 3126 958 3174 Lambec.
973 3126 1096 3174 Suecicus
1117 3124 1233 3186 Heinsii‚
1251 3131 1279 3173 et
1289 3126 1315 3172 in

215 3191 276 3238 Act.
291 3192 399 3240 Jenans.
415 3191 539 3239 uidendum
559 3190 668 3240 Moeran.
684 3190 774 3253 prabet
790 3191 933 3238 neternentes
944 3189 1044 3237 Strecic.
1056 3189 1082 3236 in
1095 3187 1158 3236 Act.
1173 3189 1234 3240 Jen.
1250 3189 1317 3237 neh·

112 3283 121 3295 κ
215 3256 301 3303 mentis
312 3255 386 3301 Voss.
398 3253 494 3302 Medic.
510 3252 667 3303 uehementem
685 3252 763 3302 Hafa.
778 3255 885 3301 retentis
896 3253 997 3301 Bodlei.
1013 3252 1105 3300 cetrati
1117 3252 1183 3300 cod.
1196 3253 1315 3300 Lambec.

216 3318 275 3366 edd.
298 3318 399 3365 Ronrnr.
426 3319 493 3366 Ven.
521 3323 549 3366 et
569 3319 643 3369 lunt.
664 3318 704 3366 Cl.
722 3317 909 3380 Oudendorpio
927 3316 1083 3364 videbantur
1098 3316 1238 3378 jungenda
1254 3329 1317 3376 esso,

214 3382 309 3430 vehenti
330 3381 420 3429 Tantus
438 3383 478 3429 uui
501 3383 570 3430 decor
589 3387 634 3442 est,
651 3395 759 3429 massam
775 3395 869 3443 nempe
891 3389 1056 3443 paternarum
1078 3379 1255 3442 reliquiarum.
1280 3394 1318 3427 ee·

215 3445 281 3493 denti
292 3453 365 3494 certe
382 3445 460 3494 etiam
469 3445 578 3495 incodd.
586 3452 613 3494 et
622 3445 682 3494 edd.
693 3450 757 3494 vett.
770 3444 838 3507 apud
851 3446 994 3492 Bunemau.
1011 3449 1039 3492 et
1051 3443 1102 3492 Me.
1115 3443 1221 3504 Gallai,
1230 3444 1274 3507 qui
1285 3456 1317 3491 ex

215 3510 266 3558 alio
291 3517 343 3558 vet.
361 3510 419 3559 cod.
435 3507 521 3570 affert,
544 3510 633 3572 prebet
648 3509 868 3557 uehementi—126
887 3509 960 3556 illitiu
970 3508 1009 3570 qui
1023 3507 1139 3556 Vossian.
1152 3515 1181 3555 et
1193 3515 1249 3556 tres
1268 3506 1318 3556 alii.

212 3575 257 3622 sub
273 3573 366 3629 soedere
384 3575 435 3621 coeli
448 3573 523 3621 Mitto
543 3589 596 3621 cum
609 3570 689 3622 Hafa.
709 3572 785 3620 Mitto
802 3572 845 3620 sub
862 3587 926 3621 unns
938 3574 996 3621 Vat.
1016 3573 1075 3631 tegit
1086 3571 1204 3619 Barrlrol.
1227 3571 1316 3620 Heius.

215 3637 333 3700 conjicit,
344 3638 463 3699 Principio
471 3639 532 3685 color
539 3636 713 3699 est‚quulr'ssub
721 3636 865 3684 connotant
875 3637 948 3684 Mitto
954 3650 1021 3697 quem
1028 3650 1130 3684 meeum
1140 3635 1233 3683 Patrico
1242 3646 1320 3697 grano

216 3707 308 3763 tegunt.
345 3702 484 3764 Sequentia
498 3708 559 3749 octo
579 3702 689 3749 disticha
700 3700 881 3748 desiderantur
893 3701 918 3748 in
930 3699 1020 3748 codice
1036 3700 1244 3749 Murano-12⁷
1257 3698 1319 3757 fecit

217 3780 264 3828 pro
274 3766 328 3825 fert
342 3767 522 3813 Medic—128
540 3767 600 3813 Cum
614 3765 698 3827 pordit
712 3769 786 3812 vertes
797 3763 860 3826 flore
875 3764 1049 3824 radenteroelo,
1059 3764 1136 3812 Voss.
1155 3763 1219 3810 Carra
1234 3763 1318 3825 pandit

217 3837 294 3879 restes
307 3829 371 3892 flore
387 3831 483 3877 rubente
499 3830 561 3890 polo,
581 3828 680 3876 Bodlei.
699 3830 825 3891 quomodo
844 3835 871 3875 et
893 3826 972 3876 Hafa.
989 3842 1047 3876 curn
1059 3826 1204 3874 Bartholin.
1219 3834 1247 3876 et
1258 3826 1319 3874 dno·

217 3894 265 3942 bus
281 3895 422 3941 Vaticanis.
458 3894 487 3940 ln
509 3893 591 3940 tribus
605 3891 664 3938 edd.
684 3893 783 3940 itomrn.
802 3892 910 3951 Veneta,
930 3892 1046 3950 Juntina,
1066 3888 1141 3949 Aldi,
1165 3890 1271 3950 Pttnoet,
1291 3896 1319 3938 et

217 3958 323 4020 reliquis
346 3959 477 4018 vulgatum
495 3954 554 4016 fuit,
573 3957 631 4003 Cum
641 3957 742 4017 pendens
759 3955 830 4002 vestit
841 3956 887 4002 rote
897 3956 993 4002 cubem
1000 3958 1075 4016 polae,
1086 3968 1150 4017 quas
1161 3959 1269 4003 secutus
1279 3961 1321 4003 est

216 4021 491 4068 Burmannus-129
508 4019 572 4068 Huic
590 4019 681 4066 humeri
699 4017 834 4066 Hut'niens.
856 4034 888 4065 ex
900 4020 957 4069 cod.
966 4018 1053 4067 Oxou.
1066 4019 1104 4066 Cl.
1115 4018 1322 4081 Oudendorpius

216 4085 371 4147 conjiciebat
379 4086 495 4144 humeros,
503 4091 533 4132 nt
542 4083 651 4148 Pboenix
661 4085 744 4130 decens
753 4082 860 4130 tantem
868 4088 978 4145 otpertus
988 4082 1098 4131 dicatur.
1119 4081 1203 4144 fulget
1220 4081 1320 4134 Medic.

214 4146 466 4213 succinuslleimii,
474 4150 536 4200 vat.
545 4162 600 4199 sec.
610 4145 692 4198 Hafa.
703 4151 758 4198 vet.
766 4145 824 4196 cod.
835 4146 939 4210 Gallai,
948 4153 977 4198 et
987 4146 1090 4206 suecia.
1101 4145 1129 4196 in
1136 4145 1202 4201 Act
1211 4146 1320 4203 hum.
