2700 4702
1339 188 1342 217 i

193 283 281 350 1226
398 300 507 349 nora
533 301 732 350 vuuronun
759 302 799 349 ru
823 303 881 350 es.
905 302 1045 353 ausen.
1066 302 1093 352 ι.
1336 302 1342 407 p

1339 410 1342 441 Ι

193 456 319 495 usuraria
345 456 501 495 saevusne
521 458 555 494 sc
580 456 724 507 neesson,
763 445 828 495 einit
847 447 918 495 iocos
937 447 963 495 in
983 446 1102 496 laudibus
1119 446 1235 508 serem,
1252 444 1293 495 ubi

192 532 646 584 dmrrusrrsaxsurso,cousususr
658 537 724 572 ruo·
763 523 852 571 ‹iomns
878 524 1014 573 Theodosii
1036 522 1144 585 dieitur,
1163 522 1292 573 ‘Gemino

192 608 384 657 inconsuetus
397 611 497 648 marni.
531 600 662 648 Cluverius.
762 599 1119 662 certatimsplendidssexu.’
1155 602 1251 650 Clam·

226 676 273 721 109
298 674 402 722 Derorel
427 674 552 737 muudum]
584 676 724 724 Consulum
794 680 842 725 200
860 678 955 741 Pelion]
971 678 1002 726 ln
1022 683 1110 726 monte
1128 675 1213 738 Pelio,
1230 676 1294 725 esle-

168 745 171 752 ’
193 748 351 811 geminorum
365 756 441 811 partu
459 758 485 797 et
502 757 595 799 ornatu
608 759 636 800 et
654 751 726 799 insti·
763 751 845 802 braia
857 760 917 802 sunt
933 755 1032 817 nuptias
1044 752 1118 802 Pelei
1130 756 1161 801 st
1170 750 1294 813 Thetidis,

194 824 303 875 tutione.
762 844 837 893 quarn
852 830 956 879 Nereida
969 837 1044 880 voest
1055 829 1150 879 Claud.

224 901 334 950 Romana
342 901 459 964 poteslas]
477 903 640 953 Consulatus.
796 906 929 968 Odupliei]
945 907 1016 954 'l'ulis
1028 903 1187 954 exclamatio
1206 905 1234 954 ia
1245 905 1294 954 lau-

225 981 272 1028 191
288 977 412 1041 Augetur]
437 979 529 1027 Veteri
540 992 627 1040 seusu,
644 978 725 1027 Orus·
761 981 820 1029 dem
831 984 952 1030 Serena:
970 984 1004 1032 ‘o
1017 983 1129 1033 maxims
1145 996 1233 1032 res-ura
1244 983 1295 1047 gle-

192 1055 412 1118 iur,l)ecoratur.
441 1055 531 1104 Bos-ils.
763 1057 818 1106 ria!
851 1060 944 1107 Clueer.

198 1164 204 1173 .
224 1132 270 1178 196
289 1129 359 1178 Stare
365 1130 518 1192 pudicitiam]
535 1130 649 1180 Adstsre
659 1146 725 1195 prae·
794 1137 842 1182 204
857 1135 960 1182 Nosses
969 1135 1075 1196 pomarii
1083 1133 1167 1198 mis]
1184 1133 1297 1185 Nomius

191 1215 302 1266 sentem,
322 1206 399 1254 rebus
410 1207 526 1255 humanis
538 1207 638 1256 adesse.
672 1211 725 1256 See-
761 1224 893 1272 annonem,
905 1224 952 1272 pro
964 1209 1120 1260 Consulibus
1131 1210 1211 1272 dixit,
1220 1222 1295 1274 qnnn

191 1285 328 1334 unleenins
349 1283 434 1334 ferreo
447 1285 636 1346 adolescente,
646 1285 725 1334 Pudi·
761 1287 794 1336 ab
809 1288 899 1336 horum
921 1286 1053 1335 vocubulis
1076 1286 1115 1335 illi
1137 1284 1298 1336 dicerentur.

191 1360 254 1411 sitis
274 1362 365 1410 caelnrn
386 1361 509 1424 petierat,
526 1362 674 1411 abominata
685 1369 725 1412 tut
761 1356 1007 1412 suessonensis.
1025 1363 1091 1411 ‘sut
1102 1374 1184 1410 annos
1201 1374 1218 1410 a
1233 1360 1296 1410 Cen·

190 1438 258 1487 mals
270 1436 617 1502 faeta,eaedes,rsptus,&c.
636 1441 723 1490 Barllr.
762 1441 817 1493 sule
829 1453 921 1488 nemen
932 1438 1083 1488 habentesi'
1114 1437 1240 1487 Sidonias
1249 1436 1297 1485 Ps·

224 1519 272 1569 190
286 1516 403 1564 lunonem
415 1515 532 1575 lessellis,
541 1516 595 1578 ise]
612 1516 727 1570 Graeciae
762 1516 886 1578 aegyrieo
900 1514 1049 1564 Anthemii:
1066 1513 1201 1563 ‘Jndieiis
1220 1526 1299 1577 popu·

190 1591 258 1639 enlm
288 1591 419 1653 praecipue
445 1591 551 1640 addicta
577 1591 724 1653 fingebatur
763 1590 1298 1652 lusasquemeomnominerexit'lsosts.

190 1668 268 1729 June,
275 1668 329 1730 jam
342 1667 401 1716 inde
414 1667 446 1716 ab
458 1667 551 1731 injuria
561 1674 656 1730 spreta
673 1666 724 1715 for·
795 1669 842 1713 295
864 1666 896 1714 Ul
916 1671 1032 1729 sceptrum
1051 1668 1126 1730 gesa]
1149 1667 1298 1730 Majestatis

191 1759 250 1795 ma.
292 1792 295 1797 ,
764 1742 913 1793 Consrslaris
933 1742 1032 1806 insigne
1049 1750 1181 1804 sceptrum
1193 1757 1228 1791 ex
1239 1743 1299 1793 ebe·

225 1815 457 1878 Oeslosadeeriere]
486 1818 563 1869 (iered
584 1833 641 1867 cum
660 1817 725 1869 facit
763 1832 802 1877 re,
814 1819 855 1867 cui
875 1819 988 1868 insidens
1007 1817 1104 1882 Aquila
1123 1824 1182 1869 erat
1200 1818 1298 1880 efficta,

190 1895 366 1959 placidissimo
375 1908 419 1942 ore
432 1902 483 1955 est,
492 1895 661 1943 matronalem
669 1909 724 1956 grs-
763 1893 886 1942 lionruuae
899 1895 1000 1944 virtutis
1019 1895 1073 1943 avis
1092 1895 1180 1943 indes.
1216 1896 1260 1944 Sia
1271 1904 1300 1945 et

192 1972 299 2022 vitatem
324 1970 442 2033 gratiosis
466 1978 613 2034 temperans
640 1972 724 2019 arrisi·
762 1971 883 2022 Juvenal.
902 1972 956 2022 Sat.
968 1986 996 2021 x.
1013 1973 1077 2021 ‘Da
1096 1986 1165 2021 nune
1183 1981 1212 2023 et
1229 1975 1300 2023 rolu-

191 2048 246 2098 bus.
281 2049 410 2109 Respectus
420 2046 488 2095 enirn
498 2048 603 2096 Deorum
614 2045 724 2096 felicitas
763 2062 843 2109 erem,
853 2057 959 2111 seeptro
970 2064 1026 2113 quea
1038 2049 1120 2111 surgit
1133 2050 1254 2100 chemel

192 2126 349 2176 mortalium,
383 2125 470 2173 Burtl.
798 2125 912 2185 lligenles
923 2124 1002 2187 logos]
1021 2125 1092 2174 Auro
1104 2127 1207 2176 ductili.

225 2209 270 2253 191
288 2198 402 2265 Aetionis
410 2201 501 2264 pagine
511 2202 552 2249 lil.
563 2203 616 2266 lfa]
639 2201 726 2249 Usita·
796 2204 845 2248 200
862 2200 1017 2260 Signumdsi
1032 2216 1135 2250 terrenas
1149 2202 1243 2266 diales]
1267 2204 1300 2253 E·

191 2278 407 2328 tumdoctissirno
426 2278 488 2325 Vati
507 2279 671 2341 antiquorum
683 2276 725 2324 de·
764 2285 841 2340 rupta
859 2279 944 2326 subito
963 2279 1040 2327 nube.
1075 2280 1177 2328 Fulmen
1195 2282 1301 2330 sessim

192 2354 324 2417 pressione
343 2368 403 2402 suos
423 2352 550 2401 extollere
569 2354 670 2411 heroas,
680 2367 726 2402 sna
764 2353 970 2419 eorrfirmsnsque
997 2356 1180 2418 magistratum
1206 2357 1301 2406 intelli·

191 2428 512 2490 commendaretempors.
548 2428 633 2477 Burils.
764 2429 818 2492 git:
843 2430 1020 2479 contractibus
1042 2432 1111 2480 enim
1132 2433 1242 2498 aliisque
1260 2448 1299 2482 re·

225 2509 272 2553 198
289 2502 455 2565 Iaiioeluloe]
480 2502 556 2551 Talus
576 2503 652 2551 Latio
671 2518 725 2565 proe
765 2520 819 2554 rum
833 2506 1002 2569 gerendarum
1019 2509 1140 2570 aruspiciis
1157 2510 1298 2560 secundnm
1334 2572 1337 2576 ι

192 2584 296 2634 caeteris
317 2583 432 2632 Musices
453 2582 630 2630 instrumentis
649 2583 726 2644 essig·
765 2580 872 2630 falaren.

191 2667 247 2722 nat,
258 2660 291 2710 ob
311 2659 451 2708 ruditatem
467 2660 579 2722 agrestis
599 2660 683 2708 Musae
699 2660 726 2707 in
799 2662 847 2707 207
867 2659 1013 2721 Gratamque
1025 2657 1117 2720 fecem]
1150 2659 1195 2710 Ita
1213 2674 1298 2710 omnes

192 2737 279 2800 prirnis
296 2737 352 2801 ejus
373 2736 492 2785 vatibus:
512 2744 566 2783 tum
585 2736 655 2799 quod
677 2737 727 2784 Ro·
765 2734 863 2783 nostri:
882 2749 946 2784 ease
958 2735 1039 2798 igitur
1048 2736 1189 2786 Barthium
1200 2744 1298 2787 mutau-

192 2814 260 2862 msni
277 2812 400 2862 sermonis
417 2812 499 2872 major
517 2812 618 2859 omniuo
631 2812 725 2873 asperi·
759 2818 817 2860 'tens
831 2809 929 2858 assdias.

191 2896 231 2939 tss
243 2906 249 2950 ;
268 2890 276 2918 ‘
288 2889 384 2939 Graiis'
397 2889 462 2935 enirn
474 2890 481 2914 ‘
492 2886 725 2950 ingenianraiis
795 2890 844 2935 208
864 2886 997 2934 Terruerunt
1008 2887 1086 2935 omine
1096 2887 1184 2950 nimbi]
1203 2891 1247 2942 sie
1259 2892 1297 2940 vel

192 2966 265 3015 dedit
276 2979 319 3013 ere
333 2965 442 3013 retundo
452 2964 529 3011 Musa
538 2963 626 3025 loqui!
637 2963 725 3013 Baeti.
763 2962 817 3011 sine
831 2962 903 3010 libris
916 2961 1080 3011 scribendum
1095 2964 1152 3026 jsm
1164 2965 1226 3013 elim
1237 2967 1297 3028 vidi,

225 3044 276 3091 Nee
298 3042 385 3089 Geoeea
403 3039 517 3102 vetustus]
542 3040 639 3088 Moreti
658 3038 725 3087 liber
763 3037 832 3102 quod
845 3044 873 3086 et
886 3038 925 3086 Cl.
938 3037 1070 3087 Gronovio
1084 3039 1110 3086 in
1127 3048 1297 3092 mentemve.

190 3125 271 3182 poio,
283 3132 330 3180 pro
344 3117 439 3172 Greis,·
456 3116 499 3179 qui
518 3130 588 3164 error
603 3114 723 3179 frequen·
763 3119 854 3162 uerat:
872 3112 901 3160 τὸ
911 3113 990 3162 omine
1001 3119 1088 3163 tanuen
1099 3123 1191 3166 exstat
1201 3118 1229 3165 in
1239 3132 1296 3168 nou·

192 3193 322 3243 tissimus:
341 3206 425 3256 neqrre
442 3190 723 3254 aliterprimusVatic.
762 3189 839 3238 nuliis
856 3189 970 3259 scriptis.
1003 3190 1088 3253 Vulgo
1107 3196 1236 3243 lenem
1251 3211 1296 3245 sss·

192 3272 220 3317 st
232 3268 338 3317 Fsrnes.
350 3281 387 3316 iv.
400 3267 476 3314 Cous.
492 3266 561 3315 Hon.
579 3269 647 3314 ‘nec
659 3265 725 3315 riesi-
761 3266 812 3324 niu,
830 3265 885 3313 sine
897 3280 990 3314 sensu:
1011 3267 1141 3329 qssemodo
1161 3274 1190 3318 et
1207 3284 1295 3333 prece

193 3350 238 3393 nst
256 3356 366 3406 unquam
378 3343 477 3390 'l‘ecum
494 3342 576 3390 Graia
590 3341 670 3404 iuraui,
688 3348 724 3390 te·
762 3349 806 3392 tur
827 3344 853 3391 in
873 3342 942 3391 Rufo
961 3344 1040 3393 Festo
1055 3343 1170 3408 Avieno,
1181 3347 1295 3412 deserip·

192 3435 250 3469 eum
263 3421 376 3469 Romana
386 3418 517 3467 vetustas!
535 3419 570 3468 D.
581 3417 667 3467 Heius.
763 3420 834 3469 tione
857 3420 945 3482 Orbis,
965 3420 1078 3469 ‘tremit
1106 3423 1201 3473 Indice
1223 3427 1295 3475 tellus

226 3499 274 3545 199
291 3495 394 3557 Exstat]
412 3494 523 3543 Eminet.
762 3497 859 3545 Pressa
871 3497 947 3560 pede,
964 3503 992 3545 et
1008 3503 1064 3547 toto
1077 3505 1223 3550 tonuerunt
1234 3503 1297 3551 eiss-

224 3575 269 3621 201
292 3572 340 3619 Ceu
351 3569 534 3634 silicertuutes]
550 3570 650 3618 Herium
664 3582 725 3632 qua·
763 3572 817 3621 sica
836 3573 928 3622 caeioz'
952 3574 989 3622 ita
1007 3573 1075 3622 enim
1096 3577 1296 3641 castigandusis

192 3656 393 3708 tumnensium,
412 3648 455 3711 qui
476 3647 679 3711 inquinatissima
691 3648 724 3695 ab
763 3649 834 3696 locus
845 3665 851 3697 ι
864 3650 951 3697 Tenere
960 3649 1097 3712 omine‚ut‘
1109 3658 1201 3702 tonare
1210 3653 1295 3705 versu

191 3725 319 3789 Isingrine
339 3725 448 3786 primum
470 3726 494 3771 in
517 3724 601 3771 luceru
629 3724 724 3787 prolati
762 3724 832 3787 apud
849 3727 1016 3789 Propertium
1032 3728 1078 3777 lib.
1088 3740 1128 3777 ιν.
1140 3731 1183 3780 El.
1196 3735 1221 3780 l.
1238 3734 1295 3782 ‘to-

192 3808 275 3862 errmt,
287 3816 402 3866 quosque
420 3800 551 3849 asteriscis
563 3805 592 3848 ut
609 3799 725 3862 deplora·
763 3816 824 3850 nare
837 3803 924 3850 minas’
942 3804 1012 3866 apud
1025 3803 1103 3854 Ovid.
1116 3805 1162 3856 lib.
1175 3820 1193 3856 1.
1206 3806 1294 3858 Amor.

191 3885 232 3928 tos
251 3877 442 3941 Raphelengius
462 3880 575 3935 notarat,
593 3875 724 3924 restitutio
763 3876 804 3925 El.
824 3890 873 3925 vu.
887 3885 915 3926 et
927 3877 1055 3928 Alcimum
1075 3879 1184 3930 Avitum
1200 3882 1247 3935 lib.
1259 3898 1295 3934 ss.

192 3956 346 4006 Ciaverisno
358 3955 441 4003 codici
454 3953 573 4002 debetur.
600 3954 670 4001 Male
680 3969 723 4003 eos
762 3955 769 3980 ‘
784 3962 874 4001 tonare
882 3952 967 4016 bella:
974 3955 1051 4003 Silius
1061 3956 1106 4006 lib·
1118 3969 1138 4004 1.
1147 3957 1183 4007 de
1192 3958 1295 4009 Marte:

192 4032 237 4081 slii
248 4038 398 4080 tentarunt:
418 4046 433 4078 a
450 4029 544 4078 nostris
561 4030 664 4093 scriptis
681 4029 724 4077 ab·
763 4026 920 4091 ‘flagrantia
931 4031 999 4079 belle
1012 4031 1190 4094 Cornipedem
1206 4032 1296 4088 silisis

193 4113 263 4156 eunt,
763 4111 876 4153 tenetes
889 4104 1045 4154 stridoribus
1058 4105 1131 4155 axis!
1159 4104 1296 4172 sieprias
1331 4139 1342 4173 p

227 4180 330 4234 Cessilri
340 4180 529 4244 tertrametro]
552 4180 672 4231 Hisvero
682 4194 725 4232 se·
761 4179 852 4234 editio.
879 4181 1129 4246 vesprumiensis,
1142 4183 1296 4239 manduit.
