2700 4702
198 299 286 367 uuo
368 313 477 363 nors
502 311 703 362 vsnronosr
725 311 766 361 su
790 312 849 362 or..
870 312 1010 364 ooaon.
1032 313 1133 362 xrsr.

231 462 281 509 m
297 456 402 507 ilsbidus
420 455 537 521 diffundit
556 457 672 519 aquine
691 473 730 519 ou·
798 461 847 507 υτ
863 455 1075 520 huncum]
1090 455 1230 506 Nouenim
1242 469 1294 520 pes·

199 533 253 597 sus]
270 532 412 583 Iracundos
433 540 533 583 tumere
554 534 635 594 renis,
654 533 730 582 rube-
766 534 867 596 spicere
886 542 932 583 ant
951 534 1080 583 eatlmare
1093 532 1158 582 sinit
1167 531 1297 581 iracundia

198 607 265 670 fleri,
275 607 731 674 sangnineiorssaiuctabundoffloo·
768 616 813 658 aut
824 608 962 658 crudelitas
978 607 1059 657 animi
1070 621 1176 657 csnssas
1187 613 1296 656 motuum

200 683 265 733 tidie
274 684 399 734 uidemus.
411 684 501 734 Borii.
768 691 796 733 et
808 699 950 747 penarum.

232 759 732 825 Suffssditmsguisuoususfflondiffss·
800 760 990 823 Diisprooisuss
1006 758 1047 808 ilie
1064 758 1112 821 esi]
1142 759 1203 808 Non
1215 764 1298 822 potest

199 838 246 898 dii,
255 837 288 887 ad
298 837 413 887 Statium
422 838 566 887 Gronovius
575 851 607 886 ea
619 837 732 901 antiquis
768 835 880 884 bumsna
899 834 1012 885 felicitas
1037 834 1064 883 in
1088 834 1176 898 majas
1203 833 1297 894 extolli,

198 912 288 962 libris:
301 914 470 963 rectenostri
482 913 666 977 propemodum
679 928 732 963 om·
769 925 844 975 quam
866 925 925 961 unm
946 910 1041 960 divinas
1058 909 1179 972 proxima
1195 910 1298 961 colloca·

201 988 397 1039 marcudunt.
417 989 452 1039 D.
463 988 549 1037 Heia
770 991 821 1034 lur.
856 984 1102 1048 Hiucproserbinm
1117 984 1208 1034 ueniti
1225 983 1298 1032 ‘Diis

232 1069 283 1115 22⁰
300 1066 432 1127 l'erupssiua
455 1063 515 1126 sris]
548 1065 663 1114 Feritute
690 1080 732 1112 ex·
770 1061 971 1124 proximns;’de
985 1061 1190 1124 praeclarosiro.
1216 1059 1299 1110 ucri.

201 1153 291 1204 prem
308 1141 380 1190 reiut
406 1139 535 1190 fluctibns.
567 1142 611 1190 Sic
637 1142 732 1190 irarum
802 1142 850 1188 228
868 1136 1066 1199 uremur]
1083 1136 1252 1186 lnbocdata
1262 1142 1300 1185 eat

201 1213 294 1267 fluctus
304 1215 374 1280 apud
385 1217 530 1266 Maronem.
546 1217 636 1267 Rusti.
769 1215 865 1263 homini
886 1215 974 1274 Ratio,
985 1222 1015 1263 ut
1027 1213 1181 1263 moderetur
1189 1227 1257 1275 caus,
1267 1219 1299 1273 st,

233 1297 281 1343 erl
299 1293 382 1343 Sontes
399 1295 496 1356 srpslss
506 1295 606 1356 corrigis
615 1293 665 1355 iro]
692 1294 733 1343 Ne
770 1291 919 1354 principata
938 1288 1300 1351 auousesdmosestdisiai·

200 1367 312 1417 videaris
326 1368 359 1416 ad
376 1367 498 1418 affectum
519 1377 590 1418 tuum
606 1369 733 1419 vindicent
771 1366 831 1423 tati,
842 1365 1026 1429 subtrahutque
1037 1362 1118 1413 rebus
1128 1361 1243 1414 foruna
1259 1379 1300 1427 ps·

202 1456 293 1507 agere:
307 1443 353 1492 sed
365 1449 439 1492 tanta
454 1444 531 1492 animi
543 1445 733 1509 tranquillitate
772 1441 896 1491 rentibus.
929 1441 976 1490 Est
987 1440 1057 1489 enim
1074 1440 1101 1488 in
1121 1440 1235 1489 bumano
1245 1453 1301 1503 peo-

201 1518 266 1567 sitis
288 1519 371 1581 punis,
392 1526 421 1567 ut
438 1518 534 1567 inritus
545 1519 734 1582 quodammodo
771 1523 840 1578 sore,
851 1516 919 1581 qood
931 1516 979 1566 sibi
996 1521 1110 1577 constat,
1122 1515 1301 1580 uomituque

201 1594 300 1658 lsgsisus
320 1608 420 1658 parere,
448 1609 536 1658 poenas
564 1594 736 1658 exigentibus,
771 1588 1302 1655 damsapleulia,gubematrixaffectnnm,

202 1669 324 1719 ridearis.
341 1671 415 1719 idem
771 1682 848 1732 quam
860 1682 919 1718 cnm
928 1674 1052 1732 sequetur
1064 1667 1151 1729 bomo,
1168 1666 1268 1716 ridebit
1277 1679 1302 1716 se

234 1750 283 1796 m
299 1746 418 1796 Dssiibss
433 1746 671 1809 ansumlrdrepis
681 1746 735 1795 iar-
772 1744 933 1811 superiorem
957 1742 1077 1793 omnibus
1106 1741 1303 1804 calamitatibus,

201 1824 311 1887 rusdsss]
328 1822 449 1873 Ferentio
472 1821 618 1871 iracundie
647 1821 735 1883 modo,
772 1820 842 1869 intra
867 1833 896 1870 oe
918 1818 1014 1868 bebere
1034 1816 1149 1866 diuinam
1166 1815 1304 1866 ductriom

203 1898 459 1964 qnemnotsrulioet
477 1897 504 1946 in
523 1897 667 1947 bominibus
683 1898 735 1947 bile
772 1909 880 1958 operum
904 1909 1017 1956 suorum,
1044 1892 1213 1942 dlrectricem
1233 1905 1304 1942 cona·

203 1973 447 2037 truaauersaraptis.
465 1973 540 2023 Μαι.
616 1984 622 1996 ’
773 1979 856 2029 tuam,
874 1971 908 2021 ad
927 1971 1002 2033 anas
1016 1969 1154 2019 eonsilium
1169 1969 1305 2033 tranquille

235 2053 284 2099 22⁸
302 2049 411 2099 Fremitu
425 2064 466 2098 see
481 2048 578 2098 verbero
593 2048 681 2112 poscis]
697 2050 736 2100 Ut
772 2047 854 2111 possit
866 2047 952 2095 virere
960 2045 1075 2094 domitor
1084 2045 1247 2107 opinionum,
1255 2045 1305 2093 Do·

203 2125 230 2175 in
241 2124 351 2175 famulos
358 2125 417 2174 irati
425 2124 537 2173 Domini.
554 2125 629 2173 Idem.
773 2124 855 2174 mium
866 2121 1016 2185 affectuum,
1027 2122 1116 2186 ltaque
1125 2121 1270 2185 composito
1281 2135 1304 2168 a·

234 2205 283 2252 22⁴
310 2201 360 2257 Qsi
381 2201 477 2261 suitur
491 2215 569 2263 poeru,
593 2199 665 2260 ferus
688 2199 736 2264 esi]
773 2197 928 2259 nimoielir,
945 2205 976 2248 ut
999 2200 1119 2248 Deorum
1138 2197 1219 2248 sitam
1238 2199 1305 2247 visst

204 2277 289 2328 Quem
312 2276 445 2325 delectant
462 2275 594 2323 cruciatus
605 2275 735 2325 sontium:
773 2274 841 2324 inter
851 2274 983 2324 mortales.
1215 2295 1218 2298 ·

204 2351 324 2415 exemplo
358 2349 529 2413 suppeditant
559 2350 736 2412 Tyrannomm
807 2349 884 2399 Furto
901 2347 1042 2411 rependeris]
1069 2348 1148 2398 Justa
1173 2347 1244 2397 libre
1264 2356 1306 2398 aut

202 2439 281 2475 voees
292 2431 320 2474 et
329 2426 488 2487 spectacula.
505 2425 581 2472 ldsru.
774 2433 872 2476 statera
879 2426 1039 2476 examinans.
1059 2427 1146 2476 Burrio.

238 2500 288 2555 sti
293 2497 401 2560 fruitur]
418 2497 458 2545 De
466 2497 513 2545 lrsc
521 2495 625 2545 feritate
637 2496 737 2547 dictum
807 2506 857 2552 229
873 2502 976 2551 consilio
984 2502 1172 2567 perunum]
1203 2504 1306 2553 Nmf.

205 2575 322 2628 suumin
340 2574 466 2624 Rufinum.
484 2575 601 2623 Senecas
621 2575 629 2603 ‘
643 2576 739 2626 Ferina
775 2575 858 2638 iectu,
868 2584 914 2626 ant
925 2577 995 2626 odio.

205 2650 291 2703 rabies
311 2657 360 2713 est,
389 2649 512 2714 sauguine
539 2657 567 2699 et
589 2652 739 2702 volneribus
808 2653 1176 2714 Macronem-sestsusjussess
1186 2655 1244 2719 alii]
1259 2657 1306 2706 Se-

207 2725 339 2793 gaudere!
368 2727 462 2775 Closer.
775 2730 956 2794 pinspsrisin
969 2730 1127 2786 Honorianis
1147 2737 1176 2780 et
1192 2731 1306 2782 Stilicho·

238 2803 374 2865 lapsum
401 2802 495 2850 oideissr
524 2802 660 2851 Vindicium
676 2820 738 2867 proe-
775 2806 815 2856 uis
827 2807 971 2869 Laudibus,
989 2806 1142 2856 dulcissimis
1163 2815 1193 2858 et
1210 2810 1305 2873 sapien-

204 2877 338 2939 sisrsaibi]
356 2880 416 2929 Non
432 2884 484 2926 tam
497 2878 737 2930 secuudumeusum
776 2881 881 2929 tissimis
901 2881 1014 2930 monitis.
1050 2881 1126 2931 Serio
1148 2883 1305 2947 sapientibus

206 2955 327 3018 rigorem,
345 2968 422 3018 quam
444 2952 566 3003 affectum
586 2969 669 3017 sunm,
680 2971 739 3020 sup·
776 2956 867 3018 priscis
885 2957 950 3005 adeo
969 2956 1111 3006 crudelitas
1131 2964 1160 3007 et
1176 2959 1304 3022 sanguinis

206 3031 285 3095 plicia
296 3045 430 3079 exercens.
463 3029 603 3079 Cordalum
619 3032 687 3080 enim
702 3033 739 3081 vi·
776 3032 1039 3096 arnordiaplicebant,
1057 3040 1086 3082 nt
1097 3035 1179 3083 etiam
1190 3036 1262 3085 cocis
1272 3040 1305 3084 al-

207 3106 341 3156 rumnullo
358 3105 479 3154 vindicte
493 3105 586 3168 gaudio
598 3121 654 3155 eam
666 3121 739 3156 exer·
776 3122 826 3170 quse
835 3108 1000 3157 senatoribus
1008 3110 1151 3159 eonomine
1160 3110 1304 3160 cohabitare

207 3196 268 3230 cere
278 3182 368 3229 volunt
378 3181 512 3243 sapientius
524 3190 701 3245 preceptores
713 3185 739 3234 in
777 3181 929 3232 abnuerent.
947 3183 1035 3231 Burrio.

208 3255 316 3304 noxios:
336 3254 382 3303 sed
395 3257 483 3317 procul
493 3255 553 3303 odio
564 3263 592 3304 st
604 3259 740 3320 tyrannica
809 3263 858 3308 28⁰
875 3258 1082 3321 feriturum]
1092 3258 1178 3309 Bruto
1190 3258 1303 3324 ludoque

208 3329 310 3390 laetitia,
318 3329 449 3392 justitiam
461 3329 602 3380 facessere.
632 3334 740 3398 Seneca,
777 3349 864 3385 amore
875 3335 999 3384 caedium:
1017 3349 1069 3398 quo
1085 3333 1165 3385 homo
1185 3335 1303 3386 transitio

208 3404 426 3466 llb.r.delra,c.
440 3408 479 3454 lo.
498 3405 586 3455 Borils.
777 3418 895 3460 naturam
907 3411 1029 3461 ferarum.
1055 3410 1133 3460 Idem.

241 3486 289 3531 22⁶
315 3482 380 3531 Felle
398 3480 555 3544 Cundueriut]
583 3482 654 3546 ignis
672 3487 739 3535 eninr
809 3491 856 3536 231
882 3488 987 3536 Addicto
1013 3485 1094 3548 amsa]
1128 3487 1174 3536 Ita
1191 3487 1303 3537 meliores

208 3558 313 3622 quidam
333 3558 456 3621 pestilens
473 3564 513 3608 est
532 3559 581 3621 ira,
599 3561 673 3624 cujus
692 3560 740 3612 flos
777 3563 866 3612 nostri.
892 3561 958 3613 vidit
983 3577 1087 3628 quoque
1110 3563 1303 3629 Rapbeleogius.

209 3640 250 3684 est
260 3632 366 3682 candor.
384 3634 459 3682 idem.
777 3639 810 3688 D.
823 3638 908 3687 lisias.

240 3714 290 3759 226
306 3710 382 3758 Ardet
392 3710 506 3774 stimulis]
535 3711 576 3762 Ab
586 3714 636 3763 lsoc
648 3714 741 3765 ardore
809 3714 1089 3777 Addsoiopssolsosuisuuu
1099 3714 1303 3780 mmussu'isci

209 3785 377 3848 Pythagorei
396 3785 613 3836 eoncedendum
630 3804 686 3839 esse
704 3791 741 3852 ig·
778 3805 833 3839 rem
845 3791 889 3854 qui
908 3790 1050 3853 preferant
1069 3793 1232 3856 privatorum
1244 3806 1302 3844 com·

209 3875 268 3910 nem
280 3859 411 3920 dicebant,
431 3860 594 3911 comitatum
614 3863 740 3914 hominem
778 3866 870 3928 modis,
889 3872 1011 3930 tyrannos
1029 3873 1158 3929 regnunt:
1177 3869 1304 3933 quiseeus,

209 3950 261 3985 non
270 3934 428 3985 afferendum
440 3937 546 4007 vellent.
777 3943 923 3992 laudantur.
942 3942 1032 3990 Borils.

218 4028 224 4035 ’
243 4012 376 4074 Furisrquo
386 4012 483 4060 mendi
496 4014 627 4078 Prodigus]
637 4016 741 4066 Nocere
809 4017 967 4084 Addioiopse]
985 4017 1044 4066 Hoc
1062 4024 1114 4078 est,
1134 4019 1258 4070 damnato
1268 4017 1302 4068 ad·

210 4085 305 4134 homiui
316 4087 449 4149 sapientie
462 4089 641 4140 abominabilis
653 4093 741 4142 animi.
774 4091 953 4156 judicatoque.
971 4091 1067 4142 Drlrio.

167 4193 172 4201 ·
211 4160 337 4227 ‘Sepions
348 4176 399 4212 non
416 4170 465 4228 cot,
476 4163 521 4229 qui
533 4166 629 4217 noeat.'
653 4167 742 4220 Buri.
811 4171 861 4219 2⁸2
875 4165 1001 4232 &refluit
1010 4165 1095 4236 Nilus]
1113 4168 1304 4223 Commendatio
