2700 4702
126 312 214 378 1274
328 317 436 375 norm
460 326 661 375 vsnronuru
685 327 724 374 m
749 317 1026 375 enesaunt.

124 469 205 532 prium
224 468 314 533 scripti
326 468 459 518 meliores:
478 467 605 532 quomodo
619 469 656 516 le·
693 468 766 531 prim.
776 467 859 516 vatic.
894 468 926 516 D.
940 463 1025 516 mess

127 544 239 608 gendum
258 543 380 593 Bartbirrs
398 549 426 592 et
443 544 588 593 Gronovius
601 544 656 606 jam
726 547 774 591 108
790 543 846 591 litio
863 541 997 604 Armenta]
1013 541 1086 590 illiso
1104 539 1149 589 olii
1166 554 1222 590 non·

125 619 257 670 viderunt.
285 619 657 682 AdihujusDiatribenStati·
694 618 765 666 nulli.
796 619 878 666 Versu
900 616 1016 679 proximo
1038 630 1088 679 pro
1113 615 1222 675 Fervida,

126 709 212 755 anam,
224 710 282 758 cap.
295 699 335 744 44.
352 696 402 744 Ille
420 695 489 744 curis
509 695 658 759 posteriori·
694 695 813 754 Herbidus,
824 710 857 743 ex
868 692 995 757 isingrini
1004 691 1071 741 libro
1083 691 1224 756 Rapbelen·

125 771 173 820 bus
188 771 315 822 immerito
326 771 464 821 fluctuavit
482 773 575 822 dubius
586 787 656 822 rerae
694 770 760 833 gius,
770 776 796 818 et
804 768 1040 828 exsnoClarerins;
1053 765 1166 830 optime:
1176 779 1223 815 nee

126 860 157 895 so
170 847 288 910 genuinos
303 848 430 898 lectionis.
447 849 566 914 sequenti
583 863 656 897 versu
694 845 771 893 aliter
782 860 814 892 ex
832 842 927 892 nostris
943 842 1052 892 Lucem.
1069 841 1183 890 Putesn.
1198 846 1224 890 et

126 922 177 972 Hie
188 937 235 986 pro
247 923 309 972 Hoeo
319 924 386 973 bene
396 925 495 988 scripti.
516 926 548 974 D.
561 924 645 973 Heius.
694 920 872 969 Bononiensis.
885 918 962 981 prim.
974 917 1097 968 vatican.
1111 916 1227 967 Ferbido:

158 1003 190 1048 07
208 999 297 1048 Erexit
308 1002 376 1060 regio
386 1000 472 1062 toedos]
491 1002 529 1050 Ut
544 999 657 1049 faustum
694 1002 723 1045 ut
735 1003 762 1044 et
774 993 1021 1044 Helmaestadiensis.
1034 992 1157 1042 Patorin.
1172 993 1225 1042 Pirr-

125 1087 201 1122 omen
221 1073 376 1123 coiuntibus
396 1076 469 1122 nouis
485 1073 657 1137 nuptisdare·
694 1070 734 1118 dio
752 1069 891 1119 mendose:
917 1076 945 1118 ot
964 1070 991 1117 in
1010 1083 1093 1132 marg.
1121 1068 1224 1118 Florida.

125 1154 178 1210 tar,
194 1147 275 1198 faceis
296 1149 419 1211 nuptialis
435 1149 513 1198 moris
533 1155 590 1198 erat
603 1150 656 1198 alte
694 1144 886 1194 rrnrrsAmbros.
898 1143 1031 1192 Rsleooel
1042 1143 1223 1206 Tmiorqnud

124 1224 386 1274 eleusrlamstribus
406 1238 564 1287 sponsarum.
582 1224 656 1273 Clan-
694 1227 850 1282 postremum
880 1220 986 1281 elegans
1017 1217 1114 1278 etiom3
1143 1217 1225 1282 qualit

124 1299 217 1349 dianus
228 1300 308 1349 alibi:
324 1300 395 1349 ‘Per
415 1299 497 1348 tedas
516 1315 579 1364 quas
599 1300 657 1362 ipso
693 1295 775 1343 multu
786 1293 854 1357 apud
867 1294 979 1343 sossium
989 1299 1142 1343 occurrunt.
1175 1291 1224 1342 Aoi

125 1380 170 1424 tuo
182 1376 282 1438 Regina
294 1375 391 1425 levarit
404 1375 548 1438 conjugio!
568 1375 656 1425 Barth.
694 1377 786 1421 notata
796 1386 811 1419 a
822 1370 896 1419 nobis
911 1370 943 1419 sd
961 1370 1093 1420 Nasonem
1109 1371 1177 1421 Met.
1188 1386 1224 1422 rr.

157 1455 189 1499 98
210 1452 331 1502 Velsolus
349 1456 441 1513 sperate
459 1449 524 1511 oeni]
540 1449 657 1512 Superore
694 1451 751 1497 221.
769 1448 837 1497 curis
854 1447 950 1496 alteris.
978 1447 1089 1496 Herbido
1104 1449 1224 1509 selamim,

124 1532 236 1591 uterque
259 1527 347 1575 Oxou.
375 1541 405 1574 ao
428 1526 524 1588 Regius
543 1526 657 1588 eleganti
695 1523 823 1588 quomodo
835 1523 904 1584 apud
924 1522 1225 1582 Martialem3‘Herbr·

125 1600 285 1650 Graeoismo:
309 1616 358 1665 quo
379 1607 407 1650 et
433 1600 526 1650 alludit
551 1608 657 1665 quartus
695 1612 749 1645 rom
768 1596 855 1646 fueras
874 1596 1093 1656 indutus,Bssse,
1111 1597 1224 1647 colores!

123 1674 276 1734 Vaticanus,
296 1677 338 1740 qui
353 1690 447 1738 operare
459 1676 573 1728 exbibet.
599 1677 656 1725 Sta·
694 1671 793 1721 Statius
810 1672 835 1720 in
853 1672 938 1730 Silvis,
957 1671 1083 1734 Epicedio
1099 1673 1223 1732 (limeis,

124 1749 656 1809 tius,Tlreb.rr.‘SeuPandionionostras
693 1748 817 1796 ‘Herbes
839 1747 982 1795 imitantem
1017 1747 1112 1795 sinum'
1142 1747 1223 1797 dixit:

123 1825 234 1874 invisere
247 1825 333 1875 coedes
342 1828 435 1875 Monte
444 1827 533 1877 venis.’
550 1829 656 1876 Frustra
695 1837 752 1885 quoe
771 1823 828 1872 loca
857 1821 965 1870 Barthio
988 1837 1091 1886 quoque
1115 1824 1224 1872 animad-

124 1903 177 1964 alii,
195 1904 261 1953 veiis.
286 1904 345 1953 Lib.
356 1919 382 1952 v.
402 1905 462 1952 ‘eui
483 1904 565 1966 gloria
582 1912 657 1954 tanta
694 1912 787 1957 veisa?
805 1898 848 1961 qul
868 1897 973 1945 Ρθῖθῑᾶῦ
991 1898 1111 1947 ”emm
1132 1898 1223 1962 imissni

84 2026 86 2030 .
122 1977 246 2028 Venimus
257 1980 398 2028 innumeras
410 1979 493 2027 fatum
507 1979 603 2028 debere
615 1995 657 2029 co·
694 1982 850 2038 nugamento
872 1974 914 2022 hic
941 1973 1016 2024 nobis
1037 1988 1090 2022 non
1114 1973 1224 2024 debebat

122 2054 229 2104 horres!
247 2055 304 2104 Lib.
316 2069 366 2103 vrr.
380 2055 387 2082 ⁸
399 2057 452 2103 Vos
462 2054 539 2103 etiem
551 2056 657 2116 nostris,
693 2050 845 2100 obtrudere.
879 2049 954 2097 Idem

122 2130 260 2180 Heliconia
275 2130 360 2191 turba,
379 2130 474 2178 venitis
494 2128 598 2179 Addere
617 2145 655 2177 re·
725 2127 846 2176 Armenio
857 2129 912 2190 oloe]
931 2125 1010 2175 Miles
1022 2126 1084 2176 inde
1095 2127 1223 2177 oriundus.

122 2204 170 2253 bns
180 2204 275 2268 opem!
291 2206 334 2254 Sic
345 2220 370 2253 eo
376 2203 454 2263 fateri
466 2204 533 2266 opud
546 2205 655 2254 eundem
729 2202 836 2253 vibratis
856 2200 970 2262 crinibus]
997 2203 1080 2251 Ferro
1104 2203 1225 2266 crispato·

122 2278 206 2328 Theb.
217 2295 236 2328 r.
250 2281 320 2329 ‘Seu
333 2279 438 2329 fortuna
450 2278 509 2338 fuit,
520 2295 575 2341 seu,
587 2281 655 2344 quod
692 2296 748 2330 rum
758 2281 841 2329 instar
853 2280 1018 2328 vibratorum.
1051 2280 1223 2330 Orientalium

123 2356 205 2417 pudet
217 2355 254 2404 ire
266 2355 354 2415 fateri,
365 2356 412 2403 Vis
424 2355 519 2404 invicta
532 2356 597 2403 viril
614 2357 656 2404 Ita
692 2363 778 2404 sutem
803 2356 935 2403 nationum
966 2356 1099 2420 plerusque
1125 2356 1224 2405 vibrato

121 2429 276 2478 veterrimus
285 2429 504 2490 Cantabrigiensis
514 2445 591 2489 vere;
605 2444 655 2478 non
692 2433 764 2480 crine
783 2439 877 2481 natura
903 2431 1061 2494 gaudebant.
1099 2433 1224 2483 Martialis

122 2520 162 2554 ore
178 2511 223 2554 aut
239 2506 291 2553 ira:
308 2504 578 2566 mordicet‚‘Vobis
596 2520 656 2553 ven·
691 2508 868 2570 Spectaculis:
904 2506 1040 2556 ‘Crinibus
1069 2508 1096 2555 in
1132 2508 1242 2558 nodum

123 2587 183 2630 tura
195 2587 272 2644 atque
285 2595 359 2629 omne
371 2580 438 2644 quod
453 2581 520 2628 ultra
533 2585 573 2628 est
589 2581 656 2628 Pan·
693 2583 767 2631 tortis
780 2597 876 2631 venere
895 2582 1031 2641 Sicambri,
1047 2582 1138 2647 Atque
1151 2585 1224 2633 aliter

122 2655 184 2705 dere
196 2664 301 2705 moestus
314 2671 344 2705 eo
355 2655 372 2703 ς’
390 2657 422 2704 de
435 2670 485 2720 quo
497 2656 567 2704 alibi.
584 2657 655 2705 Mar·
693 2660 768 2707 tortis
779 2659 893 2707 crinibus
902 2658 1053 2720 AEtlriopes!
1087 2660 1178 2708 Bortlr.

47 2783 50 2786 ,
122 2732 206 2781 tiaiis:
233 2733 327 2781 ‘'l'uno
350 2747 398 2794 ego
421 2746 471 2779 nou
495 2733 593 2792 oculos,
609 2732 655 2781 sed
726 2739 773 2783 109
792 2733 901 2782 Herium
917 2733 1030 2795 collecto]
1050 2735 1172 2784 Herbidus
1186 2749 1223 2784 co·

121 2807 441 2869 ventrempascereveui!
465 2808 654 2870 B.Eugenius:
692 2809 752 2856 loris
774 2808 863 2858 berbei
892 2808 999 2857 viridem
1024 2808 1157 2873 designat,
1183 2810 1222 2874 qni

121 2883 129 2910 ‘
142 2884 179 2932 Ut
196 2899 254 2932 curn
274 2881 376 2931 flamma
395 2898 475 2930 vorax
488 2885 576 2932 reniet
587 2899 656 2932 com·
693 2897 743 2931 non
756 2884 892 2932 inusitatus
904 2885 929 2933 in
940 2885 1054 2933 vestibus
1066 2887 1222 2948 priscorum:

121 2957 214 3007 bnrere
237 2958 335 3007 terras!
363 2958 394 3005 In
412 2958 546 3007 Claudiani
567 2965 655 3007 tamen
693 2958 883 3008 videMartisl.
899 2959 1110 3022 Epignomm.
1136 2963 1222 3011 Exeo

120 3033 178 3082 loco
197 3034 231 3081 nil
255 3040 354 3082 temere
370 3034 503 3092 mutarim
512 3049 571 3082 cum
587 3049 655 3097 prae-
692 3032 812 3082 discimus
831 3034 939 3082 viridem
959 3036 1073 3083 colorem
1090 3036 1117 3084 in
1129 3037 1223 3086 vestitu

120 3104 258 3157 stuntiores
270 3108 329 3156 libri
348 3121 394 3170 pro
406 3116 514 3170 recepte
526 3110 655 3172 scripturn
691 3109 768 3157 vilem
785 3109 897 3158 habitum
911 3117 939 3158 et
956 3111 1144 3173 pauperiorum
1159 3112 1222 3175 opud

120 3187 199 3231 stent.
234 3184 267 3231 D.
280 3182 364 3230 Heius.
692 3186 831 3247 Romanos,
852 3187 951 3236 Grecis
970 3188 1092 3236 mulieres
1110 3189 1224 3238 meretri·

153 3256 262 3319 Speroto]
278 3257 422 3305 AEmulstur
440 3258 594 3308 desiderium
608 3275 654 3310 nu·
691 3279 734 3312 ces
744 3270 771 3312 et
783 3263 904 3312 delicatas
916 3262 992 3312 modo
1003 3263 1099 3312 talibus
1111 3265 1223 3314 vestibus

120 3332 245 3381 bentium.
290 3332 406 3394 Speratus
434 3332 653 3398 enim'sponsum
690 3340 840 3387 utebantur.
874 3338 950 3387 Idem.

121 3414 204 3456 sonat.
724 3417 771 3462 110
791 3414 876 3461 liores
882 3412 948 3475 flavo
959 3415 1048 3463 vertice
1061 3415 1143 3481 Galli]
1161 3417 1223 3466 Lau·

156 3482 187 3530 Te
207 3483 289 3544 praelia
310 3484 360 3532 viso
383 3487 555 3550 Lunguesceut]
583 3492 654 3537 Sum·
691 3490 751 3538 dem
760 3490 928 3538 animositatis
937 3498 964 3539 et
973 3491 1156 3542 bellicositatis
1167 3495 1223 3544 Gol-

119 3572 187 3606 nram
198 3557 301 3606 uirtutis
313 3559 531 3612 existimationem
545 3565 653 3614 circum·
691 3566 721 3614 lis
733 3567 877 3629 largiuntur
893 3581 968 3615 omne
986 3582 1067 3630 genus
1085 3571 1223 3633 scriptores

119 3634 239 3682 scribunt
256 3635 305 3682 hoc
320 3635 396 3683 modo
414 3645 534 3686 auctores
552 3640 653 3702 optimi.
692 3643 779 3704 prisci.
812 3644 919 3691 Flavum
940 3642 1041 3704 iisdem,
1061 3651 1140 3694 utet
1162 3646 1223 3696 Ger·

19 3756 20 3759 ,
118 3709 195 3758 Silius
215 3711 332 3772 italicus,
343 3712 359 3758 l.
373 3724 430 3760 xiv.
446 3713 531 3761 ‘Laus
543 3716 597 3763 sola
608 3714 653 3764 da·
691 3721 782 3783 mauis,
804 3720 927 3782 capillum
953 3719 1028 3767 multi
1064 3719 1223 3770 adscribunt.

119 3790 163 3833 tur
180 3785 200 3831 si
220 3785 275 3833 viso
301 3786 403 3834 vincitis
421 3789 512 3837 hoste)
545 3792 579 3838 Et
601 3792 653 3839 tale
690 3797 787 3845 Truces
805 3802 882 3844 vocat
901 3794 1045 3842 imitatione
1059 3795 1172 3858 Lucani,
1183 3797 1223 3846 lib.

118 3859 181 3908 illud
207 3861 326 3923 Caessris,
357 3863 456 3925 ‘Veni,
481 3865 553 3927 Vidi,
575 3868 653 3917 vici!
693 3883 743 3920 err.
760 3871 847 3919 ‘Inde
864 3877 951 3919 truces
962 3870 1033 3919 Galli
1049 3872 1157 3921 solitum
1172 3887 1224 3936 pro·

121 3935 213 3983 Barth·
691 3947 765 3996 distis
777 3947 802 3994 iu
813 3946 932 3995 bostem!
956 3946 1042 3994 Duras
1053 3954 1156 3997 mentes
1165 3949 1223 3998 Gal·

130 4038 133 4043 ·
152 4014 199 4058 100
219 4011 355 4074 Tranquillo
367 4014 392 4062 io
408 4031 467 4077 pace
479 4018 571 4080 locutis]
593 4021 653 4069 lura
691 4022 722 4068 lis
734 4024 849 4085 assignat
861 4021 1026 4083 Lampridius
1036 4023 1063 4070 in
1075 4021 1224 4074 Alexandro

119 4086 161 4135 seb
181 4102 238 4149 pare
253 4090 343 4138 relictis
362 4092 471 4143 Lucens.
495 4102 524 4144 et
543 4097 653 4160 Gyrsld.
690 4097 795 4147 Severo.
839 4097 945 4146 Animos
966 4096 1095 4158 crudeles,
1116 4113 1224 4164 corpora

120 4163 248 4226 monpuilln
267 4164 293 4214 irs
319 4181 378 4230 poco
393 4169 484 4220 relictis
505 4170 601 4237 isingrr
626 4181 653 4224 et
692 4174 828 4238 plusquam
849 4173 970 4235 humana,
998 4172 1102 4238 Florus,
1125 4175 1223 4227 Histoe.
