<?xml version="1.0" encoding="UTF-8"?>
<!DOCTYPE html PUBLIC "-//W3C//DTD XHTML 1.0 Transitional//EN"
    "http://www.w3.org/TR/xhtml1/DTD/xhtml1-transitional.dtd">
<html xmlns="http://www.w3.org/1999/xhtml" xml:lang="en" lang="en">
 <head>
  <title>
</title>
<meta http-equiv="Content-Type" content="text/html;charset=utf-8" />
  <meta name='ocr-system' content='tesseract 3.04.00' />
  <meta name='ocr-capabilities' content='ocr_page ocr_carea ocr_par ocr_line ocrx_word'/>
</head>
<body>
  <div class='ocr_page' id='page_1' title='image "./claudiiclaudian01claugoog_0506.png"; bbox 0 0 2700 4702; ppageno 0'>
   <div class='ocr_carea' id='block_1_1' title="bbox 396 278 1161 381">
    <p class='ocr_par' dir='ltr' id='par_1_1' title="bbox 396 278 1161 381">
     <span class='ocr_line' id='line_1_1' title="bbox 396 278 1161 381; baseline 0.007 -7"><span class='ocrx_word' id='word_1_1' title='bbox 396 326 436 376; x_wconf 85' lang='lat' dir='ltr'><strong><em>ru</em></strong></span> <span class='ocrx_word' id='word_1_2' title='bbox 462 323 685 378; x_wconf 84' lang='lat' dir='ltr'><strong><em>nurnorruu</em></strong></span> <span class='ocrx_word' id='word_1_3' title='bbox 709 326 783 376; x_wconf 83' lang='lat' dir='ltr'><strong><em>um.</em></strong></span> <span class='ocrx_word' id='word_1_4' title='bbox 800 329 849 379; x_wconf 92' lang='lat' dir='ltr'><strong><em>·t.·</em></strong></span> <span class='ocrx_word' id='word_1_5' title='bbox 986 278 989 284; x_wconf 36' lang='grc'>’</span> <span class='ocrx_word' id='word_1_6' title='bbox 1073 301 1161 381; x_wconf 73' lang='lat' dir='ltr'><strong><em>tuiti</em></strong></span> 
     </span>
    </p>
   </div>
   <div class='ocr_carea' id='block_1_2' title="bbox 11 465 1196 4319">
    <p class='ocr_par' dir='ltr' id='par_1_2' title="bbox 49 465 1166 687">
     <span class='ocr_line' id='line_1_2' title="bbox 49 465 1161 536; baseline 0.004 -18"><span class='ocrx_word' id='word_1_7' title='bbox 49 465 153 531; x_wconf 77' lang='lat' dir='ltr'><strong><em>=opluor</em></strong></span> <span class='ocrx_word' id='word_1_8' title='bbox 162 466 214 530; x_wconf 82' lang='lat' dir='ltr'><strong><em>legi</em></strong></span> <span class='ocrx_word' id='word_1_9' title='bbox 227 466 322 518; x_wconf 89' lang='lat' dir='ltr'><strong><em>debere</em></strong></span> <span class='ocrx_word' id='word_1_10' title='bbox 333 484 340 518; x_wconf 82' lang='grc' dir='ltr'><strong><em>ι</em></strong></span> <span class='ocrx_word' id='word_1_11' title='bbox 357 483 411 518; x_wconf 87' lang='lat' dir='ltr'><strong><em>uam</em></strong></span> <span class='ocrx_word' id='word_1_12' title='bbox 422 485 474 533; x_wconf 79' lang='lat' dir='ltr'><strong><em>qua</em></strong></span> <span class='ocrx_word' id='word_1_13' title='bbox 485 472 535 519; x_wconf 82' lang='lat' dir='ltr'><strong><em>tam</em></strong></span> <span class='ocrx_word' id='word_1_14' title='bbox 546 469 592 520; x_wconf 85' lang='lat' dir='ltr'><strong><em>bel·</em></strong></span> <span class='ocrx_word' id='word_1_15' title='bbox 629 468 739 520; x_wconf 82' lang='lat' dir='ltr'><strong><em>tabant?</em></strong></span> <span class='ocrx_word' id='word_1_16' title='bbox 754 474 863 535; x_wconf 76' lang='lat' dir='ltr'><strong><em>querum</em></strong></span> <span class='ocrx_word' id='word_1_17' title='bbox 873 470 934 535; x_wconf 80' lang='lat' dir='ltr'><strong><em>una,</em></strong></span> <span class='ocrx_word' id='word_1_18' title='bbox 945 466 1002 536; x_wconf 82' lang='lat' dir='ltr'><strong><em>quse</em></strong></span> <span class='ocrx_word' id='word_1_19' title='bbox 1014 470 1161 536; x_wconf 76' lang='lat' dir='ltr'><strong><em>eoneipieu·</em></strong></span> 
     </span>
     <span class='ocr_line' id='line_1_3' title="bbox 56 543 1166 610; baseline 0.005 -19"><span class='ocrx_word' id='word_1_20' title='bbox 56 543 208 604; x_wconf 76' lang='lat' dir='ltr'><strong><em>lngeruutur</em></strong></span> <span class='ocrx_word' id='word_1_21' title='bbox 220 545 333 594; x_wconf 81' lang='lat' dir='ltr'><strong><em>Mollibus</em></strong></span> <span class='ocrx_word' id='word_1_22' title='bbox 344 545 466 610; x_wconf 71' lang='lat' dir='ltr'><strong><em>auspiciis,</em></strong></span> <span class='ocrx_word' id='word_1_23' title='bbox 477 546 590 610; x_wconf 71' lang='lat' dir='ltr'><strong><em>pubium.</em></strong></span> <span class='ocrx_word' id='word_1_24' title='bbox 629 545 656 595; x_wconf 89' lang='lat' dir='ltr'><strong><em>di</em></strong></span> <span class='ocrx_word' id='word_1_25' title='bbox 675 545 761 596; x_wconf 91' lang='lat' dir='ltr'><strong><em>studio</em></strong></span> <span class='ocrx_word' id='word_1_26' title='bbox 780 551 897 604; x_wconf 86' lang='lat' dir='ltr'><strong><em>venerat,</em></strong></span> <span class='ocrx_word' id='word_1_27' title='bbox 913 560 971 596; x_wconf 90' lang='lat' dir='ltr'><strong><em>cum</em></strong></span> <span class='ocrx_word' id='word_1_28' title='bbox 984 546 1166 596; x_wconf 66' lang='lat' dir='ltr'><strong><em>Alexandrum*-</em></strong></span> 
     </span>
     <span class='ocr_line' id='line_1_4' title="bbox 56 618 1166 687; baseline 0.003 -18"><span class='ocrx_word' id='word_1_29' title='bbox 56 618 92 669; x_wconf 83' lang='grc' dir='ltr'><strong><em>Ι).</em></strong></span> <span class='ocrx_word' id='word_1_30' title='bbox 104 618 198 669; x_wconf 83' lang='grc' dir='ltr'>Ηιίιιι.</span> <span class='ocrx_word' id='word_1_31' title='bbox 628 623 763 683; x_wconf 78' lang='lat' dir='ltr'><strong><em>salutaret,</em></strong></span> <span class='ocrx_word' id='word_1_32' title='bbox 774 621 870 687; x_wconf 79' lang='lat' dir='ltr'><strong><em>donato</em></strong></span> <span class='ocrx_word' id='word_1_33' title='bbox 885 622 1001 681; x_wconf 76' lang='lat' dir='ltr'><strong><em>tibicine,</em></strong></span> <span class='ocrx_word' id='word_1_34' title='bbox 1020 629 1049 672; x_wconf 95' lang='lat' dir='ltr'><strong><em>ut</em></strong></span> <span class='ocrx_word' id='word_1_35' title='bbox 1067 620 1166 687; x_wconf 74' lang='lat' dir='ltr'><strong><em>magno&#39;</em></strong></span> 
     </span>
    </p>

    <p class='ocr_par' dir='ltr' id='par_1_3' title="bbox 56 696 1160 838">
     <span class='ocr_line' id='line_1_5' title="bbox 90 696 1160 760; baseline 0.004 -15"><span class='ocrx_word' id='word_1_36' title='bbox 90 700 139 745; x_wconf 89' lang='grc'><strong><em>491</em></strong></span> <span class='ocrx_word' id='word_1_37' title='bbox 160 697 383 759; x_wconf 82' lang='lat' dir='ltr'><strong><em>Omaequodambit</em></strong></span> <span class='ocrx_word' id='word_1_38' title='bbox 397 696 513 760; x_wconf 80' lang='lat' dir='ltr'><strong><em>Oceanus]</em></strong></span> <span class='ocrx_word' id='word_1_39' title='bbox 529 697 591 747; x_wconf 85' lang='lat' dir='ltr'><strong><em>Am·</em></strong></span> <span class='ocrx_word' id='word_1_40' title='bbox 629 697 1019 760; x_wconf 64' lang='lat' dir='ltr'><strong><em>muneremunerediscessit!</em></strong></span> <span class='ocrx_word' id='word_1_41' title='bbox 1032 699 1160 749; x_wconf 64' lang='lat' dir='ltr'><strong><em>limatas.</em></strong></span> 
     </span>
     <span class='ocr_line' id='line_1_6' title="bbox 56 762 1162 838; baseline 0.004 -18"><span class='ocrx_word' id='word_1_42' title='bbox 56 765 260 824; x_wconf 81' lang='lat' dir='ltr'><strong><em>bitioliomens.</em></strong></span> <span class='ocrx_word' id='word_1_43' title='bbox 278 775 365 824; x_wconf 83' lang='lat' dir='ltr'><strong><em>Bartb.</em></strong></span> <span class='ocrx_word' id='word_1_44' title='bbox 438 770 441 774; x_wconf 83' lang='grc'>’</span> <span class='ocrx_word' id='word_1_45' title='bbox 661 779 710 823; x_wconf 80' lang='grc' dir='ltr'>ιοι)</span> <span class='ocrx_word' id='word_1_46' title='bbox 728 775 793 831; x_wconf 84' lang='lat' dir='ltr'><strong><em>Quid</em></strong></span> <span class='ocrx_word' id='word_1_47' title='bbox 811 777 903 823; x_wconf 73' lang='lat' dir='ltr'><strong><em>uiscera</em></strong></span> <span class='ocrx_word' id='word_1_48' title='bbox 919 774 1014 838; x_wconf 57' lang='lat' dir='ltr'><strong><em>dipfsrt]</em></strong></span> <span class='ocrx_word' id='word_1_49' title='bbox 1033 762 1096 824; x_wconf 83' lang='lat' dir='ltr'><strong><em>&#39;imo</em></strong></span> <span class='ocrx_word' id='word_1_50' title='bbox 1114 774 1162 836; x_wconf 79' lang='lat' dir='ltr'><strong><em>dis·</em></strong></span> 
     </span>
    </p>

    <p class='ocr_par' dir='ltr' id='par_1_4' title="bbox 57 843 1162 1216">
     <span class='ocr_line' id='line_1_7' title="bbox 91 843 1162 914; baseline 0.006 -18"><span class='ocrx_word' id='word_1_51' title='bbox 91 848 265 910; x_wconf 72' lang='lat' dir='ltr'><strong><em>macriani]</em></strong></span> <span class='ocrx_word' id='word_1_52' title='bbox 290 850 392 912; x_wconf 83' lang='lat' dir='ltr'><strong><em>sperni,</em></strong></span> <span class='ocrx_word' id='word_1_53' title='bbox 408 850 596 914; x_wconf 68' lang='lat' dir='ltr'><strong><em>projeotuilrs·¹</em></strong></span> <span class='ocrx_word' id='word_1_54' title='bbox 623 848 746 910; x_wconf 73' lang='lat' dir='ltr'><strong><em>fassum</em></strong></span> <span class='ocrx_word' id='word_1_55' title='bbox 760 850 850 900; x_wconf 90' lang='lat' dir='ltr'><strong><em>libris·</em></strong></span> <span class='ocrx_word' id='word_1_56' title='bbox 868 849 935 899; x_wconf 88' lang='lat' dir='ltr'><strong><em>vidit</em></strong></span> <span class='ocrx_word' id='word_1_57' title='bbox 954 843 1083 900; x_wconf 70' lang='lat' dir='ltr'><strong><em>baralus.</em></strong></span> <span class='ocrx_word' id='word_1_58' title='bbox 1115 851 1162 902; x_wconf 86' lang='lat' dir='ltr'><strong><em>Se·</em></strong></span> 
     </span>
     <span class='ocr_line' id='line_1_8' title="bbox 58 921 1161 992; baseline 0.005 -20"><span class='ocrx_word' id='word_1_59' title='bbox 58 921 127 972; x_wconf 85' lang='lat' dir='ltr'><strong><em>beri.</em></strong></span> <span class='ocrx_word' id='word_1_60' title='bbox 155 923 189 972; x_wconf 90' lang='lat' dir='ltr'>D</span> <span class='ocrx_word' id='word_1_61' title='bbox 210 924 315 974; x_wconf 91' lang='lat' dir='ltr'><strong><em>Hieron.</em></strong></span> <span class='ocrx_word' id='word_1_62' title='bbox 349 924 412 974; x_wconf 80' lang='lat' dir='ltr'><strong><em>vira</em></strong></span> <span class='ocrx_word' id='word_1_63' title='bbox 434 926 591 976; x_wconf 79' lang='lat' dir='ltr'><strong><em>Hilarionis.</em></strong></span> <span class='ocrx_word' id='word_1_64' title='bbox 630 926 805 989; x_wconf 88' lang='lat' dir='ltr'><strong><em>quentiversu</em></strong></span> <span class='ocrx_word' id='word_1_65' title='bbox 808 931 976 990; x_wconf 82' lang='lat' dir='ltr'><strong><em>,proceriore</em></strong></span> <span class='ocrx_word' id='word_1_66' title='bbox 989 929 1070 992; x_wconf 82' lang='lat' dir='ltr'><strong><em>pudet,</em></strong></span> <span class='ocrx_word' id='word_1_67' title='bbox 1084 927 1161 991; x_wconf 83' lang='lat' dir='ltr'><strong><em>prim.</em></strong></span> 
     </span>
     <span class='ocr_line' id='line_1_9' title="bbox 57 998 1161 1064; baseline 0.005 -17"><span class='ocrx_word' id='word_1_68' title='bbox 57 999 131 1061; x_wconf 85' lang='lat' dir='ltr'><strong><em>‘ego</em></strong></span> <span class='ocrx_word' id='word_1_69' title='bbox 141 998 203 1045; x_wconf 82' lang='lat' dir='ltr'><strong><em>mim</em></strong></span> <span class='ocrx_word' id='word_1_70' title='bbox 221 999 258 1048; x_wconf 88' lang='lat' dir='ltr'><strong><em>rta</em></strong></span> <span class='ocrx_word' id='word_1_71' title='bbox 271 1008 375 1062; x_wconf 87' lang='lat' dir='ltr'><strong><em>stupeo</em></strong></span> <span class='ocrx_word' id='word_1_72' title='bbox 393 1015 469 1064; x_wconf 81' lang='lat' dir='ltr'><strong><em>qrsem</em></strong></span> <span class='ocrx_word' id='word_1_73' title='bbox 486 1002 593 1064; x_wconf 85' lang='lat' dir='ltr'><strong><em>glorium</em></strong></span> <span class='ocrx_word' id='word_1_74' title='bbox 629 1001 716 1050; x_wconf 81' lang='lat' dir='ltr'><strong><em>Votis.</em></strong></span> <span class='ocrx_word' id='word_1_75' title='bbox 728 1001 808 1050; x_wconf 88' lang='lat' dir='ltr'><strong><em>Oisel.</em></strong></span> <span class='ocrx_word' id='word_1_76' title='bbox 821 1009 848 1049; x_wconf 91' lang='lat' dir='ltr'><strong><em>et</em></strong></span> <span class='ocrx_word' id='word_1_77' title='bbox 863 1001 961 1050; x_wconf 79' lang='lat' dir='ltr'><strong><em>Manat.</em></strong></span> <span class='ocrx_word' id='word_1_78' title='bbox 974 1001 1061 1062; x_wconf 83' lang='lat' dir='ltr'><strong><em>fugis:</em></strong></span> <span class='ocrx_word' id='word_1_79' title='bbox 1078 1008 1161 1054; x_wconf 85' lang='lat' dir='ltr'><strong><em>reete.</em></strong></span> 
     </span>
     <span class='ocr_line' id='line_1_10' title="bbox 57 1073 1161 1140; baseline 0.007 -19"><span class='ocrx_word' id='word_1_80' title='bbox 57 1073 132 1122; x_wconf 90' lang='lat' dir='ltr'><strong><em>illum</em></strong></span> <span class='ocrx_word' id='word_1_81' title='bbox 152 1081 179 1122; x_wconf 88' lang='lat' dir='ltr'><strong><em>et</em></strong></span> <span class='ocrx_word' id='word_1_82' title='bbox 199 1074 320 1125; x_wconf 87' lang='lat' dir='ltr'><strong><em>honorem</em></strong></span> <span class='ocrx_word' id='word_1_83' title='bbox 341 1078 442 1126; x_wconf 84' lang='lat' dir='ltr'><strong><em>calcare</em></strong></span> <span class='ocrx_word' id='word_1_84' title='bbox 461 1078 592 1140; x_wconf 59' lang='lat' dir='ltr'><strong><em>potuisse?</em></strong></span> <span class='ocrx_word' id='word_1_85' title='bbox 630 1074 886 1139; x_wconf 81' lang='lat' dir='ltr'><strong><em>Rotteudorpliiunus</em></strong></span> <span class='ocrx_word' id='word_1_86' title='bbox 899 1075 990 1138; x_wconf 83' lang='lat' dir='ltr'><strong><em>fugas:</em></strong></span> <span class='ocrx_word' id='word_1_87' title='bbox 1007 1074 1087 1126; x_wconf 82' lang='lat' dir='ltr'><strong><em>infre:</em></strong></span> <span class='ocrx_word' id='word_1_88' title='bbox 1106 1078 1161 1129; x_wconf 84' lang='lat' dir='ltr'><strong><em>‘Et</em></strong></span> 
     </span>
     <span class='ocr_line' id='line_1_11' title="bbox 60 1148 1161 1216; baseline 0.006 -20"><span class='ocrx_word' id='word_1_89' title='bbox 60 1148 138 1198; x_wconf 87' lang='lat' dir='ltr'><strong><em>Idem.</em></strong></span> <span class='ocrx_word' id='word_1_90' title='bbox 630 1157 657 1199; x_wconf 89' lang='lat' dir='ltr'><strong><em>te</em></strong></span> <span class='ocrx_word' id='word_1_91' title='bbox 675 1165 743 1200; x_wconf 86' lang='lat' dir='ltr'><strong><em>nunc</em></strong></span> <span class='ocrx_word' id='word_1_92' title='bbox 761 1152 863 1214; x_wconf 84' lang='lat' dir='ltr'><strong><em>inopem</em></strong></span> <span class='ocrx_word' id='word_1_93' title='bbox 883 1151 956 1200; x_wconf 87' lang='lat' dir='ltr'><strong><em>dives</em></strong></span> <span class='ocrx_word' id='word_1_94' title='bbox 967 1166 1053 1200; x_wconf 82' lang='lat' dir='ltr'><strong><em>amare</em></strong></span> <span class='ocrx_word' id='word_1_95' title='bbox 1064 1150 1161 1216; x_wconf 75' lang='lat' dir='ltr'><strong><em>fugitr’</em></strong></span> 
     </span>
    </p>

    <p class='ocr_par' dir='ltr' id='par_1_5' title="bbox 57 1225 1165 1744">
     <span class='ocr_line' id='line_1_12' title="bbox 90 1225 1161 1292; baseline 0.005 -20"><span class='ocrx_word' id='word_1_96' title='bbox 90 1225 162 1273; x_wconf 85' lang='lat' dir='ltr'><strong><em>Bello</em></strong></span> <span class='ocrx_word' id='word_1_97' title='bbox 171 1227 294 1289; x_wconf 82' lang='lat' dir='ltr'><strong><em>geramus]</em></strong></span> <span class='ocrx_word' id='word_1_98' title='bbox 308 1229 489 1292; x_wconf 83' lang='lat' dir='ltr'><strong><em>Nouferamas‚</em></strong></span> <span class='ocrx_word' id='word_1_99' title='bbox 501 1229 593 1291; x_wconf 86' lang='lat' dir='ltr'><strong><em>scripti</em></strong></span> <span class='ocrx_word' id='word_1_100' title='bbox 630 1227 667 1276; x_wconf 84' lang='lat' dir='ltr'><strong><em>sio</em></strong></span> <span class='ocrx_word' id='word_1_101' title='bbox 690 1227 811 1290; x_wconf 83' lang='lat' dir='ltr'><strong><em>scriptus.</em></strong></span> <span class='ocrx_word' id='word_1_102' title='bbox 844 1227 923 1275; x_wconf 83' lang='lat' dir='ltr'><strong><em>Ouid.</em></strong></span> <span class='ocrx_word' id='word_1_103' title='bbox 946 1229 996 1290; x_wconf 87' lang='lat' dir='ltr'><strong><em>Ep.</em></strong></span> <span class='ocrx_word' id='word_1_104' title='bbox 1019 1228 1161 1291; x_wconf 86' lang='lat' dir='ltr'><strong><em>Deianirae,</em></strong></span> 
     </span>
     <span class='ocr_line' id='line_1_13' title="bbox 60 1301 1162 1368; baseline 0.005 -20"><span class='ocrx_word' id='word_1_105' title='bbox 60 1301 192 1363; x_wconf 86' lang='lat' dir='ltr'><strong><em>potiores:</em></strong></span> <span class='ocrx_word' id='word_1_106' title='bbox 210 1316 269 1350; x_wconf 87' lang='lat' dir='ltr'><strong><em>mox</em></strong></span> <span class='ocrx_word' id='word_1_107' title='bbox 282 1318 328 1366; x_wconf 89' lang='lat' dir='ltr'><strong><em>pro</em></strong></span> <span class='ocrx_word' id='word_1_108' title='bbox 345 1309 386 1352; x_wconf 80' lang='lat' dir='ltr'><strong><em>aut</em></strong></span> <span class='ocrx_word' id='word_1_109' title='bbox 403 1321 454 1368; x_wconf 74' lang='lat' dir='ltr'><strong><em>qua</em></strong></span> <span class='ocrx_word' id='word_1_110' title='bbox 469 1304 593 1367; x_wconf 81' lang='lat' dir='ltr'><strong><em>connubia,</em></strong></span> <span class='ocrx_word' id='word_1_111' title='bbox 630 1317 668 1350; x_wconf 86' lang='lat' dir='ltr'><strong><em>vs.</em></strong></span> <span class='ocrx_word' id='word_1_112' title='bbox 688 1306 729 1352; x_wconf 75' lang='lat'><strong><em>75.</em></strong></span> <span class='ocrx_word' id='word_1_113' title='bbox 753 1303 835 1351; x_wconf 88' lang='lat' dir='ltr'><strong><em>‘Nou</em></strong></span> <span class='ocrx_word' id='word_1_114' title='bbox 854 1301 931 1366; x_wconf 80' lang='lat' dir='ltr'><strong><em>fugis,</em></strong></span> <span class='ocrx_word' id='word_1_115' title='bbox 950 1302 1053 1363; x_wconf 82' lang='lat' dir='ltr'><strong><em>Alcide,</em></strong></span> <span class='ocrx_word' id='word_1_116' title='bbox 1074 1303 1162 1354; x_wconf 87' lang='lat' dir='ltr'><strong><em>victri-</em></strong></span> 
     </span>
     <span class='ocr_line' id='line_1_14' title="bbox 58 1376 1163 1438; baseline 0.004 -13"><span class='ocrx_word' id='word_1_117' title='bbox 58 1376 144 1426; x_wconf 86' lang='lat' dir='ltr'><strong><em>Vatio.</em></strong></span> <span class='ocrx_word' id='word_1_118' title='bbox 156 1392 207 1438; x_wconf 82' lang='lat' dir='ltr'><strong><em>qua</em></strong></span> <span class='ocrx_word' id='word_1_119' title='bbox 215 1378 278 1437; x_wconf 75' lang='lat' dir='ltr'><strong><em>jam,</em></strong></span> <span class='ocrx_word' id='word_1_120' title='bbox 290 1393 347 1428; x_wconf 81' lang='lat' dir='ltr'><strong><em>cum</em></strong></span> <span class='ocrx_word' id='word_1_121' title='bbox 360 1381 443 1429; x_wconf 87' lang='lat' dir='ltr'><strong><em>tribus</em></strong></span> <span class='ocrx_word' id='word_1_122' title='bbox 454 1382 510 1430; x_wconf 85' lang='lat' dir='ltr'><strong><em>aliis</em></strong></span> <span class='ocrx_word' id='word_1_123' title='bbox 523 1399 529 1430; x_wconf 94' lang='lat'>:</span> <span class='ocrx_word' id='word_1_124' title='bbox 550 1382 593 1430; x_wconf 90' lang='lat' dir='ltr'><strong><em>ds·</em></strong></span> <span class='ocrx_word' id='word_1_125' title='bbox 631 1393 687 1428; x_wconf 87' lang='lat' dir='ltr'><strong><em>cem</em></strong></span> <span class='ocrx_word' id='word_1_126' title='bbox 699 1379 769 1428; x_wconf 92' lang='lat' dir='ltr'><strong><em>mille</em></strong></span> <span class='ocrx_word' id='word_1_127' title='bbox 780 1379 896 1428; x_wconf 85' lang='lat' dir='ltr'><strong><em>laborum</em></strong></span> <span class='ocrx_word' id='word_1_128' title='bbox 912 1379 1043 1429; x_wconf 80' lang='lat' dir='ltr'><strong><em>Rasilibus</em></strong></span> <span class='ocrx_word' id='word_1_129' title='bbox 1054 1379 1163 1429; x_wconf 82' lang='lat' dir='ltr'><strong><em>calathis</em></strong></span> 
     </span>
     <span class='ocr_line' id='line_1_15' title="bbox 57 1450 1163 1520; baseline 0.005 -21"><span class='ocrx_word' id='word_1_130' title='bbox 57 1450 120 1500; x_wconf 91' lang='lat' dir='ltr'><strong><em>iude</em></strong></span> <span class='ocrx_word' id='word_1_131' title='bbox 132 1453 167 1499; x_wconf 84' lang='lat' dir='ltr'><strong><em>uei</em></strong></span> <span class='ocrx_word' id='word_1_132' title='bbox 179 1450 278 1514; x_wconf 76' lang='lat' dir='ltr'><strong><em>frugem</em></strong></span> <span class='ocrx_word' id='word_1_133' title='bbox 293 1468 339 1516; x_wconf 86' lang='lat' dir='ltr'><strong><em>pro</em></strong></span> <span class='ocrx_word' id='word_1_134' title='bbox 351 1461 392 1504; x_wconf 87' lang='lat' dir='ltr'><strong><em>urst</em></strong></span> <span class='ocrx_word' id='word_1_135' title='bbox 404 1456 481 1505; x_wconf 91' lang='lat' dir='ltr'><strong><em>iidem</em></strong></span> <span class='ocrx_word' id='word_1_136' title='bbox 491 1458 592 1520; x_wconf 83' lang='lat' dir='ltr'><strong><em>scripti,</em></strong></span> <span class='ocrx_word' id='word_1_137' title='bbox 630 1455 784 1518; x_wconf 82' lang='lat' dir='ltr'><strong><em>imposuisse</em></strong></span> <span class='ocrx_word' id='word_1_138' title='bbox 801 1470 906 1504; x_wconf 85' lang='lat' dir='ltr'><strong><em>manum</em></strong></span> <span class='ocrx_word' id='word_1_139' title='bbox 915 1459 931 1503; x_wconf 83' lang='lat'><strong><em>:¹</em></strong></span> <span class='ocrx_word' id='word_1_140' title='bbox 955 1470 1013 1520; x_wconf 83' lang='lat' dir='ltr'><strong><em>quae</em></strong></span> <span class='ocrx_word' id='word_1_141' title='bbox 1035 1455 1163 1510; x_wconf 86' lang='lat' dir='ltr'><strong><em>membra·</em></strong></span> 
     </span>
     <span class='ocr_line' id='line_1_16' title="bbox 59 1527 1165 1595; baseline 0.005 -17"><span class='ocrx_word' id='word_1_142' title='bbox 59 1527 179 1578; x_wconf 84' lang='lat' dir='ltr'><strong><em>otiatura</em></strong></span> <span class='ocrx_word' id='word_1_143' title='bbox 194 1541 258 1588; x_wconf 81' lang='lat' dir='ltr'><strong><em>seges</em></strong></span> <span class='ocrx_word' id='word_1_144' title='bbox 275 1528 368 1592; x_wconf 83' lang='lat' dir='ltr'><strong><em>lsiugr.</em></strong></span> <span class='ocrx_word' id='word_1_145' title='bbox 386 1530 591 1592; x_wconf 84' lang='lat' dir='ltr'><strong><em>prim.Vatioan.</em></strong></span> <span class='ocrx_word' id='word_1_146' title='bbox 630 1544 720 1577; x_wconf 83' lang='lat' dir='ltr'><strong><em>narum</em></strong></span> <span class='ocrx_word' id='word_1_147' title='bbox 732 1530 825 1578; x_wconf 88' lang='lat' dir='ltr'><strong><em>lectio:</em></strong></span> <span class='ocrx_word' id='word_1_148' title='bbox 841 1530 883 1578; x_wconf 89' lang='lat' dir='ltr'><strong><em>ubi</em></strong></span> <span class='ocrx_word' id='word_1_149' title='bbox 893 1533 979 1592; x_wconf 81' lang='lat' dir='ltr'><strong><em>pluro:</em></strong></span> <span class='ocrx_word' id='word_1_150' title='bbox 993 1532 1070 1595; x_wconf 81' lang='lat' dir='ltr'><strong><em>vulgo</em></strong></span> <span class='ocrx_word' id='word_1_151' title='bbox 1077 1534 1165 1594; x_wconf 79' lang='lat' dir='ltr'><strong><em>pudeit</em></strong></span> 
     </span>
     <span class='ocr_line' id='line_1_17' title="bbox 58 1602 1162 1672; baseline 0.008 -22"><span class='ocrx_word' id='word_1_152' title='bbox 58 1610 85 1650; x_wconf 87' lang='lat' dir='ltr'><strong><em>et</em></strong></span> <span class='ocrx_word' id='word_1_153' title='bbox 96 1602 219 1650; x_wconf 89' lang='lat' dir='ltr'><strong><em>Mazarin.</em></strong></span> <span class='ocrx_word' id='word_1_154' title='bbox 238 1609 268 1651; x_wconf 92' lang='lat' dir='ltr'><strong><em>ut</em></strong></span> <span class='ocrx_word' id='word_1_155' title='bbox 279 1618 373 1667; x_wconf 82' lang='lat' dir='ltr'><strong><em>supra:</em></strong></span> <span class='ocrx_word' id='word_1_156' title='bbox 390 1607 399 1633; x_wconf 83' lang='lat'>⁸</span> <span class='ocrx_word' id='word_1_157' title='bbox 411 1607 483 1655; x_wconf 83' lang='lat' dir='ltr'><strong><em>nulla</em></strong></span> <span class='ocrx_word' id='word_1_158' title='bbox 500 1609 592 1657; x_wconf 89' lang='lat' dir='ltr'><strong><em>colono</em></strong></span> <span class='ocrx_word' id='word_1_159' title='bbox 629 1604 665 1653; x_wconf 81' lang='lat' dir='ltr'><strong><em>sic</em></strong></span> <span class='ocrx_word' id='word_1_160' title='bbox 677 1606 684 1634; x_wconf 91' lang='lat'>‘</span> <span class='ocrx_word' id='word_1_161' title='bbox 696 1603 759 1667; x_wconf 77' lang='lat' dir='ltr'><strong><em>fuge</em></strong></span> <span class='ocrx_word' id='word_1_162' title='bbox 769 1607 895 1668; x_wconf 83' lang='lat' dir='ltr'><strong><em>quaerere’</em></strong></span> <span class='ocrx_word' id='word_1_163' title='bbox 905 1612 933 1655; x_wconf 89' lang='lat' dir='ltr'><strong><em>et</em></strong></span> <span class='ocrx_word' id='word_1_164' title='bbox 944 1609 950 1634; x_wconf 89' lang='lat'>‘</span> <span class='ocrx_word' id='word_1_165' title='bbox 961 1606 1162 1672; x_wconf 82' lang='lat' dir='ltr'><strong><em>fugesuspicari&#39;</em></strong></span> 
     </span>
     <span class='ocr_line' id='line_1_18' title="bbox 59 1680 953 1744; baseline 0.004 -15"><span class='ocrx_word' id='word_1_166' title='bbox 59 1680 229 1741; x_wconf 84' lang='lat' dir='ltr'><strong><em>Responsura</em></strong></span> <span class='ocrx_word' id='word_1_167' title='bbox 240 1687 333 1744; x_wconf 68' lang='lat' dir='ltr'><strong><em>seges!</em></strong></span> <span class='ocrx_word' id='word_1_168' title='bbox 347 1684 382 1733; x_wconf 88' lang='lat' dir='ltr'><strong><em>D.</em></strong></span> <span class='ocrx_word' id='word_1_169' title='bbox 394 1684 479 1735; x_wconf 80' lang='grc' dir='ltr'>Ηιίιιι.</span> <span class='ocrx_word' id='word_1_170' title='bbox 631 1682 701 1744; x_wconf 83' lang='lat' dir='ltr'><strong><em>apud</em></strong></span> <span class='ocrx_word' id='word_1_171' title='bbox 714 1681 861 1732; x_wconf 83' lang='lat' dir='ltr'><strong><em>Horatium.</em></strong></span> <span class='ocrx_word' id='word_1_172' title='bbox 878 1683 953 1733; x_wconf 83' lang='lat' dir='ltr'><strong><em>Idem.</em></strong></span> 
     </span>
    </p>

    <p class='ocr_par' dir='ltr' id='par_1_6' title="bbox 57 1755 1184 1973">
     <span class='ocr_line' id='line_1_19' title="bbox 90 1755 1164 1822; baseline 0.004 -18"><span class='ocrx_word' id='word_1_173' title='bbox 90 1759 141 1804; x_wconf 80' lang='grc'><strong><em>494</em></strong></span> <span class='ocrx_word' id='word_1_174' title='bbox 158 1755 271 1805; x_wconf 83' lang='lat' dir='ltr'><strong><em>Mollibus</em></strong></span> <span class='ocrx_word' id='word_1_175' title='bbox 280 1758 404 1822; x_wconf 82' lang='lat' dir='ltr'><strong><em>auspiciis]</em></strong></span> <span class='ocrx_word' id='word_1_176' title='bbox 431 1761 522 1811; x_wconf 86' lang='lat' dir='ltr'><strong><em>Ductu</em></strong></span> <span class='ocrx_word' id='word_1_177' title='bbox 542 1762 593 1810; x_wconf 85' lang='lat' dir='ltr'><strong><em>Eu-</em></strong></span> <span class='ocrx_word' id='word_1_178' title='bbox 663 1757 886 1822; x_wconf 64' lang='lat' dir='ltr'><strong><em>tornampart]</em></strong></span> <span class='ocrx_word' id='word_1_179' title='bbox 910 1757 991 1807; x_wconf 81' lang='lat' dir='ltr'><strong><em>Paria</em></strong></span> <span class='ocrx_word' id='word_1_180' title='bbox 1001 1758 1035 1806; x_wconf 90' lang='lat' dir='ltr'><strong><em>de</em></strong></span> <span class='ocrx_word' id='word_1_181' title='bbox 1048 1757 1164 1809; x_wconf 78' lang='lat' dir='ltr'><strong><em>Gildone</em></strong></span> 
     </span>
     <span class='ocr_line' id='line_1_20' title="bbox 57 1830 1184 1903; baseline 0.005 -24"><span class='ocrx_word' id='word_1_182' title='bbox 57 1830 210 1881; x_wconf 80' lang='lat' dir='ltr'><strong><em>anchorum.</em></strong></span> <span class='ocrx_word' id='word_1_183' title='bbox 237 1833 330 1895; x_wconf 84' lang='lat' dir='ltr'><strong><em>Molles,</em></strong></span> <span class='ocrx_word' id='word_1_184' title='bbox 339 1842 399 1886; x_wconf 89' lang='lat' dir='ltr'><strong><em>sunt</em></strong></span> <span class='ocrx_word' id='word_1_185' title='bbox 408 1837 536 1901; x_wconf 88' lang='lat' dir='ltr'><strong><em>Eunuchi,</em></strong></span> <span class='ocrx_word' id='word_1_186' title='bbox 548 1847 594 1887; x_wconf 80' lang='lat' dir='ltr'><strong><em>aut</em></strong></span> <span class='ocrx_word' id='word_1_187' title='bbox 631 1838 659 1882; x_wconf 75' lang='lat' dir='ltr'><strong><em>et</em></strong></span> <span class='ocrx_word' id='word_1_188' title='bbox 679 1832 903 1898; x_wconf 66' lang='lat' dir='ltr'><strong><em>Honestameuo</em></strong></span> <span class='ocrx_word' id='word_1_189' title='bbox 923 1833 994 1883; x_wconf 85' lang='lat' dir='ltr'><strong><em>Gild.</em></strong></span> <span class='ocrx_word' id='word_1_190' title='bbox 1021 1831 1184 1903; x_wconf 69' lang='lat' dir='ltr'><strong><em>‘decurret</em></strong></span> 
     </span>
     <span class='ocr_line' id='line_1_21' title="bbox 58 1906 1158 1973; baseline 0.003 -15"><span class='ocrx_word' id='word_1_191' title='bbox 58 1906 148 1969; x_wconf 83' lang='lat' dir='ltr'><strong><em>turpis</em></strong></span> <span class='ocrx_word' id='word_1_192' title='bbox 160 1908 299 1970; x_wconf 82' lang='lat' dir='ltr'><strong><em>patientes.</em></strong></span> <span class='ocrx_word' id='word_1_193' title='bbox 317 1911 407 1963; x_wconf 73' lang='lat' dir='ltr'><strong><em>Barth.</em></strong></span> <span class='ocrx_word' id='word_1_194' title='bbox 631 1906 843 1971; x_wconf 79' lang='lat' dir='ltr'><strong><em>Honorius&#39;inde,</em></strong></span> <span class='ocrx_word' id='word_1_195' title='bbox 853 1908 923 1957; x_wconf 86' lang='lat' dir='ltr'><strong><em>Hine</em></strong></span> <span class='ocrx_word' id='word_1_196' title='bbox 933 1908 1013 1973; x_wconf 83' lang='lat' dir='ltr'><strong><em>Gildo</em></strong></span> <span class='ocrx_word' id='word_1_197' title='bbox 1023 1907 1041 1956; x_wconf 77' lang='grc' dir='ltr'><strong><em>ι’</em></strong></span> <span class='ocrx_word' id='word_1_198' title='bbox 1057 1908 1158 1961; x_wconf 68' lang='grc' dir='ltr'><strong><em>Βιιιιι.4</em></strong></span> 
     </span>
    </p>

    <p class='ocr_par' dir='ltr' id='par_1_7' title="bbox 58 1980 1165 2200">
     <span class='ocr_line' id='line_1_22' title="bbox 91 1980 1165 2052; baseline 0.007 -21"><span class='ocrx_word' id='word_1_199' title='bbox 91 1987 141 2032; x_wconf 79' lang='grc'><strong><em>496</em></strong></span> <span class='ocrx_word' id='word_1_200' title='bbox 166 1984 279 2046; x_wconf 83' lang='lat' dir='ltr'><strong><em>Plenum]</em></strong></span> <span class='ocrx_word' id='word_1_201' title='bbox 310 1987 454 2051; x_wconf 86' lang='lat' dir='ltr'><strong><em>Moturum,</em></strong></span> <span class='ocrx_word' id='word_1_202' title='bbox 468 1987 594 2052; x_wconf 75' lang='lat' dir='ltr'><strong><em>trogium</em></strong></span> <span class='ocrx_word' id='word_1_203' title='bbox 664 1988 711 2032; x_wconf 81' lang='grc'><strong><em>101</em></strong></span> <span class='ocrx_word' id='word_1_204' title='bbox 723 1983 912 2046; x_wconf 72' lang='grc' dir='ltr'>ΰιιιιίιιιιιι]</span> <span class='ocrx_word' id='word_1_205' title='bbox 928 1980 1165 2036; x_wconf 56' lang='lat' dir='ltr'><strong><em>Salaminii-Hist-</em></strong></span> 
     </span>
     <span class='ocr_line' id='line_1_23' title="bbox 58 2057 1164 2127; baseline 0.01 -22"><span class='ocrx_word' id='word_1_206' title='bbox 58 2057 93 2107; x_wconf 85' lang='lat' dir='ltr'><strong><em>ad</em></strong></span> <span class='ocrx_word' id='word_1_207' title='bbox 109 2072 184 2106; x_wconf 88' lang='lat' dir='ltr'><strong><em>usum</em></strong></span> <span class='ocrx_word' id='word_1_208' title='bbox 203 2058 301 2109; x_wconf 89' lang='lat' dir='ltr'><strong><em>idoneis</em></strong></span> <span class='ocrx_word' id='word_1_209' title='bbox 319 2063 432 2125; x_wconf 91' lang='lat' dir='ltr'><strong><em>plenum,</em></strong></span> <span class='ocrx_word' id='word_1_210' title='bbox 450 2065 593 2127; x_wconf 75' lang='lat' dir='ltr'><strong><em>gravidum</em></strong></span> <span class='ocrx_word' id='word_1_211' title='bbox 631 2058 755 2109; x_wconf 68' lang='lat' dir='ltr'><strong><em>‘aliunde</em></strong></span> <span class='ocrx_word' id='word_1_212' title='bbox 773 2060 919 2110; x_wconf 67' lang='lat' dir='ltr'><strong><em>libertatem</em></strong></span> <span class='ocrx_word' id='word_1_213' title='bbox 939 2061 989 2110; x_wconf 73' lang='lat' dir='ltr'><strong><em>mii</em></strong></span> <span class='ocrx_word' id='word_1_214' title='bbox 1006 2061 1067 2126; x_wconf 75' lang='lat' dir='ltr'><strong><em>quio</em></strong></span> <span class='ocrx_word' id='word_1_215' title='bbox 1081 2060 1164 2125; x_wconf 66' lang='lat' dir='ltr'><strong><em>tergit</em></strong></span> 
     </span>
     <span class='ocr_line' id='line_1_24' title="bbox 58 2132 895 2200; baseline 0.007 -18"><span class='ocrx_word' id='word_1_216' title='bbox 58 2132 102 2182; x_wconf 86' lang='lat' dir='ltr'><strong><em>Sic</em></strong></span> <span class='ocrx_word' id='word_1_217' title='bbox 130 2133 239 2196; x_wconf 88' lang='lat' dir='ltr'><strong><em>implere</em></strong></span> <span class='ocrx_word' id='word_1_218' title='bbox 267 2143 308 2185; x_wconf 88' lang='lat' dir='ltr'><strong><em>est</em></strong></span> <span class='ocrx_word' id='word_1_219' title='bbox 334 2138 467 2200; x_wconf 77' lang='lat' dir='ltr'><strong><em>gravidum</em></strong></span> <span class='ocrx_word' id='word_1_220' title='bbox 495 2140 593 2190; x_wconf 86' lang='lat' dir='ltr'><strong><em>faeere.</em></strong></span> <span class='ocrx_word' id='word_1_221' title='bbox 632 2136 796 2188; x_wconf 60' lang='lat' dir='ltr'><strong><em>abstinetur?</em></strong></span> <span class='ocrx_word' id='word_1_222' title='bbox 813 2138 895 2188; x_wconf 78' lang='lat' dir='ltr'><strong><em>Idsm&#39;</em></strong></span> 
     </span>
    </p>

    <p class='ocr_par' dir='ltr' id='par_1_8' title="bbox 59 2207 1165 2352">
     <span class='ocr_line' id='line_1_25' title="bbox 59 2207 1163 2276; baseline 0.005 -20"><span class='ocrx_word' id='word_1_223' title='bbox 59 2207 172 2257; x_wconf 85' lang='lat' dir='ltr'><strong><em>Ovidius</em></strong></span> <span class='ocrx_word' id='word_1_224' title='bbox 192 2210 225 2258; x_wconf 89' lang='lat' dir='ltr'><strong><em>de</em></strong></span> <span class='ocrx_word' id='word_1_225' title='bbox 244 2211 325 2262; x_wconf 89' lang='lat' dir='ltr'><strong><em>Peleo</em></strong></span> <span class='ocrx_word' id='word_1_226' title='bbox 345 2220 372 2262; x_wconf 91' lang='lat' dir='ltr'><strong><em>et</em></strong></span> <span class='ocrx_word' id='word_1_227' title='bbox 391 2214 518 2266; x_wconf 82' lang='lat' dir='ltr'><strong><em>Thetide:</em></strong></span> <span class='ocrx_word' id='word_1_228' title='bbox 536 2216 594 2265; x_wconf 72' lang='grc' dir='ltr'><strong><em>ιιιι·</em></strong></span> <span class='ocrx_word' id='word_1_229' title='bbox 664 2217 713 2262; x_wconf 78' lang='lat'><strong><em>5⁰8</em></strong></span> <span class='ocrx_word' id='word_1_230' title='bbox 732 2214 766 2262; x_wconf 90' lang='lat' dir='ltr'><strong><em>Ut</em></strong></span> <span class='ocrx_word' id='word_1_231' title='bbox 777 2213 877 2276; x_wconf 64' lang='lat' dir='ltr'><strong><em>Scytha]</em></strong></span> <span class='ocrx_word' id='word_1_232' title='bbox 894 2213 935 2262; x_wconf 88' lang='lat' dir='ltr'><strong><em>De</em></strong></span> <span class='ocrx_word' id='word_1_233' title='bbox 943 2211 1046 2276; x_wconf 87' lang='lat' dir='ltr'><strong><em>Scythis</em></strong></span> <span class='ocrx_word' id='word_1_234' title='bbox 1057 2211 1163 2276; x_wconf 86' lang='lat' dir='ltr'><strong><em>pulchre</em></strong></span> 
     </span>
     <span class='ocr_line' id='line_1_26' title="bbox 59 2285 1165 2352; baseline 0.001 -18"><span class='ocrx_word' id='word_1_235' title='bbox 59 2286 184 2350; x_wconf 76' lang='lat' dir='ltr'><strong><em>gentique</em></strong></span> <span class='ocrx_word' id='word_1_236' title='bbox 193 2287 286 2349; x_wconf 88' lang='lat' dir='ltr'><strong><em>implet</em></strong></span> <span class='ocrx_word' id='word_1_237' title='bbox 298 2289 418 2340; x_wconf 83' lang='lat' dir='ltr'><strong><em>Achille.’</em></strong></span> <span class='ocrx_word' id='word_1_238' title='bbox 435 2294 509 2342; x_wconf 76' lang='lat' dir='ltr'><strong><em>tatem.</em></strong></span> <span class='ocrx_word' id='word_1_239' title='bbox 573 2285 575 2289; x_wconf 70' lang='grc'>’</span> <span class='ocrx_word' id='word_1_240' title='bbox 632 2295 692 2351; x_wconf 86' lang='lat' dir='ltr'><strong><em>post</em></strong></span> <span class='ocrx_word' id='word_1_241' title='bbox 704 2287 768 2337; x_wconf 81' lang='lat' dir='ltr'><strong><em>alios</em></strong></span> <span class='ocrx_word' id='word_1_242' title='bbox 779 2288 942 2352; x_wconf 85' lang='lat' dir='ltr'><strong><em>Nicephorus</em></strong></span> <span class='ocrx_word' id='word_1_243' title='bbox 955 2287 1094 2350; x_wconf 82' lang='lat' dir='ltr'><strong><em>Gregoras,</em></strong></span> <span class='ocrx_word' id='word_1_244' title='bbox 1110 2300 1165 2335; x_wconf 82' lang='lat' dir='ltr'><strong><em>om·</em></strong></span> 
     </span>
    </p>

    <p class='ocr_par' dir='ltr' id='par_1_9' title="bbox 60 2360 1167 2493">
     <span class='ocr_line' id='line_1_27' title="bbox 91 2360 1167 2426; baseline 0.002 -17"><span class='ocrx_word' id='word_1_245' title='bbox 91 2364 142 2409; x_wconf 77' lang='grc'><strong><em>499</em></strong></span> <span class='ocrx_word' id='word_1_246' title='bbox 157 2360 358 2426; x_wconf 81' lang='lat' dir='ltr'><strong><em>Amazonioritu]</em></strong></span> <span class='ocrx_word' id='word_1_247' title='bbox 380 2366 530 2416; x_wconf 71' lang='lat' dir='ltr'><strong><em>Promiscue</em></strong></span> <span class='ocrx_word' id='word_1_248' title='bbox 541 2382 595 2416; x_wconf 86' lang='lat' dir='ltr'><strong><em>mu·</em></strong></span> <span class='ocrx_word' id='word_1_249' title='bbox 631 2365 702 2410; x_wconf 89' lang='lat' dir='ltr'><strong><em>nium</em></strong></span> <span class='ocrx_word' id='word_1_250' title='bbox 722 2365 869 2426; x_wconf 87' lang='lat' dir='ltr'><strong><em>sequiorum</em></strong></span> <span class='ocrx_word' id='word_1_251' title='bbox 886 2363 1037 2410; x_wconf 74' lang='lat' dir='ltr'><strong><em>Graecitatis</em></strong></span> <span class='ocrx_word' id='word_1_252' title='bbox 1055 2360 1167 2425; x_wconf 72' lang='lat' dir='ltr'><strong><em>deripio·</em></strong></span> 
     </span>
     <span class='ocr_line' id='line_1_28' title="bbox 60 2435 1165 2495; baseline 0.007 -9"><span class='ocrx_word' id='word_1_253' title='bbox 60 2435 204 2486; x_wconf 81' lang='lat' dir='ltr'><strong><em>trenbns</em></strong></span> <span class='ocrx_word' id='word_1_254' title='bbox 179 2451 242 2485; x_wconf 76' lang='lat' dir='ltr'><strong><em>vius</em></strong></span> <span class='ocrx_word' id='word_1_255' title='bbox 253 2438 453 2491; x_wconf 73' lang='lat' dir='ltr'><strong><em>damnantibus</em></strong></span> <span class='ocrx_word' id='word_1_256' title='bbox 470 2442 545 2495; x_wconf 83' lang='grc' dir='ltr'>Ιιιι.</span> <span class='ocrx_word' id='word_1_257' title='bbox 632 2453 688 2488; x_wconf 84' lang='lat' dir='ltr'><strong><em>rum</em></strong></span> <span class='ocrx_word' id='word_1_258' title='bbox 700 2438 899 2488; x_wconf 72' lang='lat' dir='ltr'><strong><em>cordatissimus</em></strong></span> <span class='ocrx_word' id='word_1_259' title='bbox 933 2438 1076 2487; x_wconf 73' lang='lat' dir='ltr'><strong><em>Historiam</em></strong></span> <span class='ocrx_word' id='word_1_260' title='bbox 1087 2437 1165 2493; x_wconf 76' lang='lat' dir='ltr'><strong><em>utam</em></strong></span> 
     </span>
    </p>

    <p class='ocr_par' dir='ltr' id='par_1_10' title="bbox 11 2512 1196 4319">
     <span class='ocr_line' id='line_1_29' title="bbox 93 2512 1166 2581; baseline 0.002 -21"><span class='ocrx_word' id='word_1_261' title='bbox 93 2512 224 2562; x_wconf 82' lang='lat' dir='ltr'><strong><em>Amazonio</em></strong></span> <span class='ocrx_word' id='word_1_262' title='bbox 236 2514 330 2575; x_wconf 71' lang='lat' dir='ltr'><strong><em>coufhsa</em></strong></span> <span class='ocrx_word' id='word_1_263' title='bbox 341 2517 437 2565; x_wconf 82' lang='lat' dir='ltr'><strong><em>licentia</em></strong></span> <span class='ocrx_word' id='word_1_264' title='bbox 452 2517 515 2581; x_wconf 84' lang='lat' dir='ltr'><strong><em>ritu]</em></strong></span> <span class='ocrx_word' id='word_1_265' title='bbox 540 2518 595 2581; x_wconf 82' lang='lat' dir='ltr'><strong><em>Gy·</em></strong></span> <span class='ocrx_word' id='word_1_266' title='bbox 632 2512 954 2578; x_wconf 81' lang='lat' dir='ltr'><strong><em>legssupudJustiuumu.</em></strong></span> <span class='ocrx_word' id='word_1_267' title='bbox 963 2513 1091 2563; x_wconf 87' lang='lat' dir='ltr'><strong><em>Herodot.</em></strong></span> <span class='ocrx_word' id='word_1_268' title='bbox 1099 2514 1117 2564; x_wconf 90' lang='lat' dir='ltr'><strong><em>l.</em></strong></span> <span class='ocrx_word' id='word_1_269' title='bbox 1124 2527 1166 2565; x_wconf 84' lang='lat' dir='ltr'><strong><em>tv.</em></strong></span> 
     </span>
     <span class='ocr_line' id='line_1_30' title="bbox 60 2587 778 2656; baseline 0.001 -19"><span class='ocrx_word' id='word_1_270' title='bbox 60 2587 129 2637; x_wconf 79' lang='lat' dir='ltr'><strong><em>nid.</em></strong></span> <span class='ocrx_word' id='word_1_271' title='bbox 141 2594 169 2639; x_wconf 88' lang='grc' dir='ltr'><strong><em>ιι</em></strong></span> <span class='ocrx_word' id='word_1_272' title='bbox 179 2590 287 2639; x_wconf 87' lang='lat' dir='ltr'><strong><em>Luceus</em></strong></span> <span class='ocrx_word' id='word_1_273' title='bbox 295 2591 379 2639; x_wconf 67' lang='lat' dir='ltr'><strong><em>satra:</em></strong></span> <span class='ocrx_word' id='word_1_274' title='bbox 392 2591 505 2655; x_wconf 85' lang='lat' dir='ltr'><strong><em>optime3</em></strong></span> <span class='ocrx_word' id='word_1_275' title='bbox 518 2606 596 2656; x_wconf 84' lang='lat' dir='ltr'><strong><em>quan·</em></strong></span> <span class='ocrx_word' id='word_1_276' title='bbox 633 2595 682 2641; x_wconf 76' lang='lat' dir='ltr'><strong><em>tre.</em></strong></span> <span class='ocrx_word' id='word_1_277' title='bbox 702 2591 778 2639; x_wconf 81' lang='lat' dir='ltr'><strong><em>idem.</em></strong></span> 
     </span>
     <span class='ocr_line' id='line_1_31' title="bbox 60 2663 1196 2729; baseline -0.001 -18"><span class='ocrx_word' id='word_1_278' title='bbox 60 2678 139 2728; x_wconf 86' lang='lat' dir='ltr'><strong><em>quum</em></strong></span> <span class='ocrx_word' id='word_1_279' title='bbox 162 2665 291 2727; x_wconf 83' lang='lat' dir='ltr'><strong><em>vulgatam</em></strong></span> <span class='ocrx_word' id='word_1_280' title='bbox 310 2666 449 2715; x_wconf 86' lang='lat' dir='ltr'><strong><em>lectionem</em></strong></span> <span class='ocrx_word' id='word_1_281' title='bbox 468 2666 520 2714; x_wconf 84' lang='lat' dir='ltr'><strong><em>ista</em></strong></span> <span class='ocrx_word' id='word_1_282' title='bbox 538 2667 595 2717; x_wconf 78' lang='lat' dir='ltr'><strong><em>Sta·</em></strong></span> <span class='ocrx_word' id='word_1_283' title='bbox 665 2668 714 2714; x_wconf 79' lang='lat'><strong><em>509</em></strong></span> <span class='ocrx_word' id='word_1_284' title='bbox 730 2664 829 2713; x_wconf 84' lang='lat' dir='ltr'><strong><em>Seruilio</em></strong></span> <span class='ocrx_word' id='word_1_285' title='bbox 842 2663 925 2727; x_wconf 83' lang='lat' dir='ltr'><strong><em>pubes]</em></strong></span> <span class='ocrx_word' id='word_1_286' title='bbox 952 2663 1063 2713; x_wconf 85' lang='lat' dir='ltr'><strong><em>Consule</em></strong></span> <span class='ocrx_word' id='word_1_287' title='bbox 1081 2663 1196 2729; x_wconf 19' lang='lat' dir='ltr'><strong><em>iustis-V</em></strong></span> 
     </span>
     <span class='ocr_line' id='line_1_32' title="bbox 60 2739 864 2791; baseline -0.001 -2"><span class='ocrx_word' id='word_1_288' title='bbox 60 2739 134 2789; x_wconf 85' lang='lat' dir='ltr'><strong><em>tiana</em></strong></span> <span class='ocrx_word' id='word_1_289' title='bbox 153 2754 186 2788; x_wconf 85' lang='lat' dir='ltr'><strong><em>ex</em></strong></span> <span class='ocrx_word' id='word_1_290' title='bbox 205 2739 299 2789; x_wconf 85' lang='lat' dir='ltr'><strong><em>Achill.</em></strong></span> <span class='ocrx_word' id='word_1_291' title='bbox 316 2754 347 2790; x_wconf 90' lang='lat'><strong><em>11.</em></strong></span> <span class='ocrx_word' id='word_1_292' title='bbox 365 2741 485 2790; x_wconf 86' lang='lat' dir='ltr'><strong><em>videntur</em></strong></span> <span class='ocrx_word' id='word_1_293' title='bbox 504 2740 596 2791; x_wconf 85' lang='lat' dir='ltr'><strong><em>contir-</em></strong></span> <span class='ocrx_word' id='word_1_294' title='bbox 633 2750 694 2789; x_wconf 86' lang='lat' dir='ltr'><strong><em>num</em></strong></span> <span class='ocrx_word' id='word_1_295' title='bbox 705 2745 737 2789; x_wconf 85' lang='lat' dir='ltr'><strong><em>et</em></strong></span> <span class='ocrx_word' id='word_1_296' title='bbox 745 2740 864 2789; x_wconf 80' lang='lat' dir='ltr'><strong><em>Florum.</em></strong></span> 
     </span>
     <span class='ocr_line' id='line_1_33' title="bbox 59 2813 1166 2880; baseline 0 -16"><span class='ocrx_word' id='word_1_297' title='bbox 59 2828 149 2864; x_wconf 84' lang='lat' dir='ltr'><strong><em>mare:</em></strong></span> <span class='ocrx_word' id='word_1_298' title='bbox 174 2814 332 2879; x_wconf 80' lang='lat' dir='ltr'><strong><em>‘eroumque</em></strong></span> <span class='ocrx_word' id='word_1_299' title='bbox 354 2817 467 2866; x_wconf 78' lang='lat' dir='ltr'><strong><em>animosa</em></strong></span> <span class='ocrx_word' id='word_1_300' title='bbox 488 2816 596 2880; x_wconf 81' lang='lat' dir='ltr'><strong><em>petebat</em></strong></span> <span class='ocrx_word' id='word_1_301' title='bbox 666 2819 714 2864; x_wconf 76' lang='lat'><strong><em>512</em></strong></span> <span class='ocrx_word' id='word_1_302' title='bbox 733 2816 811 2863; x_wconf 86' lang='lat' dir='ltr'><strong><em>Notus</em></strong></span> <span class='ocrx_word' id='word_1_303' title='bbox 827 2813 921 2875; x_wconf 72' lang='lat' dir='ltr'><strong><em>bavar]</em></strong></span> <span class='ocrx_word' id='word_1_304' title='bbox 938 2813 981 2861; x_wconf 84' lang='lat' dir='ltr'><strong><em>Ab</em></strong></span> <span class='ocrx_word' id='word_1_305' title='bbox 993 2813 1055 2876; x_wconf 86' lang='lat' dir='ltr'><strong><em>ipsis</em></strong></span> <span class='ocrx_word' id='word_1_306' title='bbox 1066 2814 1166 2864; x_wconf 83' lang='lat' dir='ltr'><strong><em>scilicet</em></strong></span> 
     </span>
     <span class='ocr_line' id='line_1_34' title="bbox 60 2888 1168 2956; baseline 0 -16"><span class='ocrx_word' id='word_1_307' title='bbox 60 2890 153 2952; x_wconf 89' lang='lat' dir='ltr'><strong><em>Ferre,</em></strong></span> <span class='ocrx_word' id='word_1_308' title='bbox 166 2896 193 2939; x_wconf 94' lang='lat' dir='ltr'><strong><em>et</em></strong></span> <span class='ocrx_word' id='word_1_309' title='bbox 204 2888 343 2940; x_wconf 79' lang='lat' dir='ltr'><strong><em>Amazonio</em></strong></span> <span class='ocrx_word' id='word_1_310' title='bbox 359 2893 488 2942; x_wconf 80' lang='lat' dir='ltr'><strong><em>connubia</em></strong></span> <span class='ocrx_word' id='word_1_311' title='bbox 498 2894 595 2956; x_wconf 86' lang='lat' dir='ltr'><strong><em>pellere</em></strong></span> <span class='ocrx_word' id='word_1_312' title='bbox 633 2890 777 2939; x_wconf 84' lang='lat' dir='ltr'><strong><em>cunabulis.</em></strong></span> <span class='ocrx_word' id='word_1_313' title='bbox 809 2891 905 2953; x_wconf 82' lang='lat' dir='ltr'><strong><em>Flagra</em></strong></span> <span class='ocrx_word' id='word_1_314' title='bbox 915 2889 985 2938; x_wconf 89' lang='lat' dir='ltr'><strong><em>enim</em></strong></span> <span class='ocrx_word' id='word_1_315' title='bbox 995 2903 1078 2953; x_wconf 77' lang='lat' dir='ltr'><strong><em>poenae</em></strong></span> <span class='ocrx_word' id='word_1_316' title='bbox 1088 2889 1168 2940; x_wconf 76' lang='lat' dir='ltr'><strong><em>servi</em></strong></span> 
     </span>
     <span class='ocr_line' id='line_1_35' title="bbox 60 2965 1175 3036; baseline 0.002 -22"><span class='ocrx_word' id='word_1_317' title='bbox 60 2965 133 3014; x_wconf 72' lang='lat' dir='ltr'><strong><em>ritu!</em></strong></span> <span class='ocrx_word' id='word_1_318' title='bbox 167 2967 219 3015; x_wconf 87' lang='lat' dir='ltr'><strong><em>Sed</em></strong></span> <span class='ocrx_word' id='word_1_319' title='bbox 236 2981 288 3015; x_wconf 90' lang='lat' dir='ltr'><strong><em>nou</em></strong></span> <span class='ocrx_word' id='word_1_320' title='bbox 307 2968 408 3032; x_wconf 85' lang='lat' dir='ltr'><strong><em>dubito,</em></strong></span> <span class='ocrx_word' id='word_1_321' title='bbox 428 2971 490 3034; x_wconf 89' lang='lat' dir='ltr'><strong><em>quin</em></strong></span> <span class='ocrx_word' id='word_1_322' title='bbox 512 2972 596 3021; x_wconf 85' lang='lat' dir='ltr'><strong><em>altera</em></strong></span> <span class='ocrx_word' id='word_1_323' title='bbox 632 2967 676 3017; x_wconf 87' lang='lat' dir='ltr'><strong><em>les.</em></strong></span> <span class='ocrx_word' id='word_1_324' title='bbox 693 2966 781 3016; x_wconf 84' lang='lat' dir='ltr'><strong><em>Bartls.</em></strong></span> <span class='ocrx_word' id='word_1_325' title='bbox 1172 3029 1175 3036; x_wconf 51' lang='lat'><strong><em>.</em></strong></span> 
     </span>
     <span class='ocr_line' id='line_1_36' title="bbox 60 3017 1167 3110; baseline 0.005 -18"><span class='ocrx_word' id='word_1_326' title='bbox 60 3043 189 3105; x_wconf 83' lang='lat' dir='ltr'><strong><em>scriptura</em></strong></span> <span class='ocrx_word' id='word_1_327' title='bbox 206 3044 241 3091; x_wconf 87' lang='lat' dir='ltr'><strong><em>sit</em></strong></span> <span class='ocrx_word' id='word_1_328' title='bbox 257 3059 272 3092; x_wconf 86' lang='lat' dir='ltr'><strong><em>a</em></strong></span> <span class='ocrx_word' id='word_1_329' title='bbox 289 3045 403 3094; x_wconf 85' lang='lat' dir='ltr'><strong><em>seouuda</em></strong></span> <span class='ocrx_word' id='word_1_330' title='bbox 421 3061 498 3095; x_wconf 82' lang='lat' dir='ltr'><strong><em>mauu</em></strong></span> <span class='ocrx_word' id='word_1_331' title='bbox 516 3047 594 3110; x_wconf 90' lang='lat' dir='ltr'><strong><em>ipsius</em></strong></span> <span class='ocrx_word' id='word_1_332' title='bbox 665 3046 713 3090; x_wconf 77' lang='grc'><strong><em>113</em></strong></span> <span class='ocrx_word' id='word_1_333' title='bbox 732 3041 915 3090; x_wconf 54' lang='lat' dir='ltr'><strong><em>Admittam&amp;</em></strong></span> <span class='ocrx_word' id='word_1_334' title='bbox 926 3040 1019 3090; x_wconf 77' lang='lat' dir='ltr'><strong><em>verbam</em></strong></span> <span class='ocrx_word' id='word_1_335' title='bbox 1030 3017 1167 3104; x_wconf 57' lang='lat' dir='ltr'><strong><em>tortitiis*-</em></strong></span> 
     </span>
     <span class='ocr_line' id='line_1_37' title="bbox 62 3116 1171 3180; baseline 0.007 -13"><span class='ocrx_word' id='word_1_336' title='bbox 62 3116 209 3167; x_wconf 83' lang='lat' dir='ltr'><strong><em>Claudiani.</em></strong></span> <span class='ocrx_word' id='word_1_337' title='bbox 243 3117 386 3168; x_wconf 83' lang='lat' dir='ltr'><strong><em>Amazonas</em></strong></span> <span class='ocrx_word' id='word_1_338' title='bbox 398 3120 499 3169; x_wconf 80' lang='lat' dir='ltr'><strong><em>sistris</em></strong></span> <span class='ocrx_word' id='word_1_339' title='bbox 493 3137 517 3170; x_wconf 89' lang='lat' dir='ltr'><strong><em>ru</em></strong></span> <span class='ocrx_word' id='word_1_340' title='bbox 528 3122 595 3172; x_wconf 89' lang='lat' dir='ltr'><strong><em>bello</em></strong></span> <span class='ocrx_word' id='word_1_341' title='bbox 633 3117 677 3180; x_wconf 79' lang='lat' dir='ltr'><strong><em>ris]</em></strong></span> <span class='ocrx_word' id='word_1_342' title='bbox 706 3117 747 3165; x_wconf 74' lang='lat' dir='ltr'><strong><em>lta</em></strong></span> <span class='ocrx_word' id='word_1_343' title='bbox 764 3124 816 3166; x_wconf 79' lang='lat' dir='ltr'><strong><em>tres</em></strong></span> <span class='ocrx_word' id='word_1_344' title='bbox 836 3118 906 3166; x_wconf 81' lang='lat' dir='ltr'><strong><em>libri</em></strong></span> <span class='ocrx_word' id='word_1_345' title='bbox 940 3117 1019 3166; x_wconf 66' lang='lat' dir='ltr'><strong><em>Ovili·</em></strong></span> <span class='ocrx_word' id='word_1_346' title='bbox 1039 3119 1109 3167; x_wconf 68' lang='lat' dir='ltr'><strong><em>Fati</em></strong></span> <span class='ocrx_word' id='word_1_347' title='bbox 1129 3131 1171 3175; x_wconf 72' lang='grc' dir='ltr'>ῐιι,</span> 
     </span>
     <span class='ocr_line' id='line_1_38' title="bbox 11 3190 1167 3261; baseline 0.003 -19"><span class='ocrx_word' id='word_1_348' title='bbox 11 3249 15 3254; x_wconf 39' lang='grc'>,</span> <span class='ocrx_word' id='word_1_349' title='bbox 61 3208 121 3242; x_wconf 86' lang='lat' dir='ltr'><strong><em>usas</em></strong></span> <span class='ocrx_word' id='word_1_350' title='bbox 143 3194 186 3256; x_wconf 86' lang='lat' dir='ltr'><strong><em>qui</em></strong></span> <span class='ocrx_word' id='word_1_351' title='bbox 209 3201 313 3242; x_wconf 84' lang='lat' dir='ltr'><strong><em>moneat</em></strong></span> <span class='ocrx_word' id='word_1_352' title='bbox 338 3210 389 3243; x_wconf 91' lang='lat' dir='ltr'><strong><em>non</em></strong></span> <span class='ocrx_word' id='word_1_353' title='bbox 418 3197 488 3256; x_wconf 89' lang='lat' dir='ltr'><strong><em>scio,</em></strong></span> <span class='ocrx_word' id='word_1_354' title='bbox 500 3205 597 3261; x_wconf 76' lang='lat' dir='ltr'><strong><em>prester</em></strong></span> <span class='ocrx_word' id='word_1_355' title='bbox 634 3190 742 3257; x_wconf 78' lang='lat' dir='ltr'><strong><em>‘Atque</em></strong></span> <span class='ocrx_word' id='word_1_356' title='bbox 764 3193 855 3257; x_wconf 85' lang='lat' dir='ltr'><strong><em>aliquis</em></strong></span> <span class='ocrx_word' id='word_1_357' title='bbox 877 3194 985 3256; x_wconf 80' lang='lat' dir='ltr'><strong><em>cupiens</em></strong></span> <span class='ocrx_word' id='word_1_358' title='bbox 1006 3193 1100 3257; x_wconf 79' lang='lat' dir='ltr'><strong><em>vagina</em></strong></span> <span class='ocrx_word' id='word_1_359' title='bbox 1121 3195 1167 3245; x_wconf 84' lang='lat' dir='ltr'><strong><em>du.-</em></strong></span> 
     </span>
     <span class='ocr_line' id='line_1_39' title="bbox 61 3267 1188 3333; baseline 0 -17"><span class='ocrx_word' id='word_1_360' title='bbox 61 3281 141 3317; x_wconf 90' lang='lat' dir='ltr'><strong><em>uuum</em></strong></span> <span class='ocrx_word' id='word_1_361' title='bbox 164 3267 292 3316; x_wconf 88' lang='lat' dir='ltr'><strong><em>Isidorum</em></strong></span> <span class='ocrx_word' id='word_1_362' title='bbox 317 3269 394 3333; x_wconf 84' lang='lat' dir='ltr'><strong><em>Orig.</em></strong></span> <span class='ocrx_word' id='word_1_363' title='bbox 413 3284 445 3319; x_wconf 83' lang='grc' dir='ltr'><strong><em>ιι.</em></strong></span> <span class='ocrx_word' id='word_1_364' title='bbox 461 3276 503 3322; x_wconf 77' lang='lat'><strong><em>21.</em></strong></span> <span class='ocrx_word' id='word_1_365' title='bbox 528 3273 597 3323; x_wconf 76' lang='lat' dir='ltr'><strong><em>‘Sir-</em></strong></span> <span class='ocrx_word' id='word_1_366' title='bbox 634 3283 695 3319; x_wconf 81' lang='lat' dir='ltr'><strong><em>aere</em></strong></span> <span class='ocrx_word' id='word_1_367' title='bbox 705 3267 802 3317; x_wconf 85' lang='lat' dir='ltr'><strong><em>ferrum</em></strong></span> <span class='ocrx_word' id='word_1_368' title='bbox 812 3268 973 3318; x_wconf 80' lang='lat' dir='ltr'><strong><em>Adstrictum</em></strong></span> <span class='ocrx_word' id='word_1_369' title='bbox 983 3269 1060 3332; x_wconf 84' lang='lat' dir='ltr'><strong><em>longa</em></strong></span> <span class='ocrx_word' id='word_1_370' title='bbox 1070 3269 1188 3320; x_wconf 28' lang='lat' dir='ltr'><strong><em>sentiat.</em></strong></span> 
     </span>
     <span class='ocr_line' id='line_1_40' title="bbox 63 3343 1166 3397; baseline 0.001 -3"><span class='ocrx_word' id='word_1_371' title='bbox 63 3352 132 3394; x_wconf 89' lang='lat' dir='ltr'><strong><em>trum</em></strong></span> <span class='ocrx_word' id='word_1_372' title='bbox 153 3343 185 3394; x_wconf 87' lang='lat' dir='ltr'><strong><em>ab</em></strong></span> <span class='ocrx_word' id='word_1_373' title='bbox 210 3344 354 3396; x_wconf 86' lang='lat' dir='ltr'><strong><em>inventrice</em></strong></span> <span class='ocrx_word' id='word_1_374' title='bbox 379 3353 508 3396; x_wconf 80' lang='lat' dir='ltr'><strong><em>vocatum.</em></strong></span> <span class='ocrx_word' id='word_1_375' title='bbox 549 3348 598 3397; x_wconf 90' lang='lat' dir='ltr'><strong><em>lsis</em></strong></span> <span class='ocrx_word' id='word_1_376' title='bbox 635 3359 690 3394; x_wconf 84' lang='lat' dir='ltr'><strong><em>esse</em></strong></span> <span class='ocrx_word' id='word_1_377' title='bbox 710 3344 799 3394; x_wconf 67' lang='lat' dir='ltr'><strong><em>mora!</em></strong></span> <span class='ocrx_word' id='word_1_378' title='bbox 831 3345 900 3394; x_wconf 83' lang='lat' dir='ltr'><strong><em>Stet.</em></strong></span> <span class='ocrx_word' id='word_1_379' title='bbox 913 3345 993 3395; x_wconf 85' lang='lat' dir='ltr'><strong><em>Theb.</em></strong></span> <span class='ocrx_word' id='word_1_380' title='bbox 1004 3359 1047 3395; x_wconf 86' lang='grc' dir='ltr'>ιιι.</span> <span class='ocrx_word' id='word_1_381' title='bbox 1065 3347 1166 3396; x_wconf 88' lang='lat' dir='ltr'><strong><em>‘motos</em></strong></span> 
     </span>
     <span class='ocr_line' id='line_1_41' title="bbox 63 3419 1169 3486; baseline 0.004 -18"><span class='ocrx_word' id='word_1_382' title='bbox 63 3420 133 3468; x_wconf 89' lang='lat' dir='ltr'><strong><em>enim</em></strong></span> <span class='ocrx_word' id='word_1_383' title='bbox 154 3419 338 3481; x_wconf 85' lang='lat' dir='ltr'><strong><em>AEgyptiorum</em></strong></span> <span class='ocrx_word' id='word_1_384' title='bbox 360 3421 449 3482; x_wconf 82' lang='lat' dir='ltr'><strong><em>regino</em></strong></span> <span class='ocrx_word' id='word_1_385' title='bbox 470 3422 497 3470; x_wconf 89' lang='lat' dir='ltr'><strong><em>id</em></strong></span> <span class='ocrx_word' id='word_1_386' title='bbox 518 3437 598 3486; x_wconf 77' lang='lat' dir='ltr'><strong><em>genus</em></strong></span> <span class='ocrx_word' id='word_1_387' title='bbox 635 3421 734 3483; x_wconf 83' lang='lat' dir='ltr'><strong><em>copulis</em></strong></span> <span class='ocrx_word' id='word_1_388' title='bbox 744 3419 918 3483; x_wconf 79' lang='lat' dir='ltr'><strong><em>adstringeret</em></strong></span> <span class='ocrx_word' id='word_1_389' title='bbox 929 3421 1020 3469; x_wconf 70' lang='lat' dir='ltr'><strong><em>enses!</em></strong></span> <span class='ocrx_word' id='word_1_390' title='bbox 1045 3421 1169 3484; x_wconf 79' lang='lat' dir='ltr'><strong><em>Isingrini</em></strong></span> 
     </span>
     <span class='ocr_line' id='line_1_42' title="bbox 62 3494 1186 3558; baseline 0 -14"><span class='ocrx_word' id='word_1_391' title='bbox 62 3494 193 3544; x_wconf 87' lang='lat' dir='ltr'><strong><em>iuvenisse</em></strong></span> <span class='ocrx_word' id='word_1_392' title='bbox 211 3495 371 3558; x_wconf 88' lang='lat' dir='ltr'><strong><em>perhibetur.</em></strong></span> <span class='ocrx_word' id='word_1_393' title='bbox 411 3497 478 3545; x_wconf 90' lang='lat' dir='ltr'><strong><em>Inde</em></strong></span> <span class='ocrx_word' id='word_1_394' title='bbox 500 3505 528 3546; x_wconf 91' lang='lat' dir='ltr'><strong><em>et</em></strong></span> <span class='ocrx_word' id='word_1_395' title='bbox 551 3498 598 3548; x_wconf 84' lang='lat' dir='ltr'><strong><em>lroe</em></strong></span> <span class='ocrx_word' id='word_1_396' title='bbox 636 3503 722 3543; x_wconf 83' lang='lat' dir='ltr'><strong><em>tamen</em></strong></span> <span class='ocrx_word' id='word_1_397' title='bbox 739 3494 822 3544; x_wconf 83' lang='lat' dir='ltr'><strong><em>codex</em></strong></span> <span class='ocrx_word' id='word_1_398' title='bbox 842 3503 869 3543; x_wconf 89' lang='lat' dir='ltr'><strong><em>et</em></strong></span> <span class='ocrx_word' id='word_1_399' title='bbox 889 3504 949 3544; x_wconf 88' lang='lat' dir='ltr'><strong><em>octo</em></strong></span> <span class='ocrx_word' id='word_1_400' title='bbox 969 3498 1021 3557; x_wconf 86' lang='lat' dir='ltr'><strong><em>ulii,</em></strong></span> <span class='ocrx_word' id='word_1_401' title='bbox 1040 3499 1186 3550; x_wconf 79' lang='lat' dir='ltr'><strong><em>adalasius-t.</em></strong></span> 
     </span>
     <span class='ocr_line' id='line_1_43' title="bbox 63 3570 1167 3635; baseline 0.003 -15"><span class='ocrx_word' id='word_1_402' title='bbox 63 3572 186 3620; x_wconf 88' lang='lat' dir='ltr'><strong><em>mulieres</em></strong></span> <span class='ocrx_word' id='word_1_403' title='bbox 206 3572 368 3635; x_wconf 87' lang='lat' dir='ltr'><strong><em>percutiunt,</em></strong></span> <span class='ocrx_word' id='word_1_404' title='bbox 389 3573 449 3635; x_wconf 83' lang='lat' dir='ltr'><strong><em>quia</em></strong></span> <span class='ocrx_word' id='word_1_405' title='bbox 468 3572 599 3623; x_wconf 85' lang='lat' dir='ltr'><strong><em>inventrix</em></strong></span> <span class='ocrx_word' id='word_1_406' title='bbox 636 3571 714 3619; x_wconf 81' lang='lat' dir='ltr'><strong><em>etism</em></strong></span> <span class='ocrx_word' id='word_1_407' title='bbox 733 3570 825 3632; x_wconf 84' lang='lat' dir='ltr'><strong><em>probe,</em></strong></span> <span class='ocrx_word' id='word_1_408' title='bbox 845 3581 974 3620; x_wconf 84' lang='lat' dir='ltr'><strong><em>annuente</em></strong></span> <span class='ocrx_word' id='word_1_409' title='bbox 994 3579 1021 3622; x_wconf 86' lang='lat' dir='ltr'><strong><em>et</em></strong></span> <span class='ocrx_word' id='word_1_410' title='bbox 1041 3573 1167 3623; x_wconf 80' lang='lat' dir='ltr'><strong><em>Burtltior</em></strong></span> 
     </span>
     <span class='ocr_line' id='line_1_44' title="bbox 63 3644 1168 3710; baseline 0 -18"><span class='ocrx_word' id='word_1_411' title='bbox 63 3645 142 3708; x_wconf 80' lang='lat' dir='ltr'><strong><em>liujus</em></strong></span> <span class='ocrx_word' id='word_1_412' title='bbox 161 3648 265 3708; x_wconf 87' lang='lat' dir='ltr'><strong><em>generis</em></strong></span> <span class='ocrx_word' id='word_1_413' title='bbox 284 3653 325 3696; x_wconf 88' lang='lat' dir='ltr'><strong><em>est</em></strong></span> <span class='ocrx_word' id='word_1_414' title='bbox 343 3648 444 3696; x_wconf 86' lang='lat' dir='ltr'><strong><em>mulier.</em></strong></span> <span class='ocrx_word' id='word_1_415' title='bbox 478 3650 554 3698; x_wconf 78' lang='lat' dir='ltr'><strong><em>Unde</em></strong></span> <span class='ocrx_word' id='word_1_416' title='bbox 571 3656 600 3698; x_wconf 70' lang='lat' dir='ltr'><strong><em>et</em></strong></span> <span class='ocrx_word' id='word_1_417' title='bbox 636 3645 763 3710; x_wconf 88' lang='lat' dir='ltr'><strong><em>quomodo</em></strong></span> <span class='ocrx_word' id='word_1_418' title='bbox 771 3651 799 3693; x_wconf 93' lang='lat' dir='ltr'><strong><em>et</em></strong></span> <span class='ocrx_word' id='word_1_419' title='bbox 810 3644 907 3707; x_wconf 88' lang='lat' dir='ltr'><strong><em>primus</em></strong></span> <span class='ocrx_word' id='word_1_420' title='bbox 918 3647 1059 3696; x_wconf 81' lang='lat' dir='ltr'><strong><em>Vaticanus</em></strong></span> <span class='ocrx_word' id='word_1_421' title='bbox 1070 3662 1119 3710; x_wconf 91' lang='lat' dir='ltr'><strong><em>pro</em></strong></span> <span class='ocrx_word' id='word_1_422' title='bbox 1130 3647 1168 3698; x_wconf 83' lang='lat' dir='ltr'><strong><em>dt.</em></strong></span> 
     </span>
     <span class='ocr_line' id='line_1_45' title="bbox 63 3720 1168 3784; baseline 0.007 -14"><span class='ocrx_word' id='word_1_423' title='bbox 63 3721 134 3784; x_wconf 80' lang='lat' dir='ltr'><strong><em>apud</em></strong></span> <span class='ocrx_word' id='word_1_424' title='bbox 148 3720 291 3771; x_wconf 82' lang='lat' dir='ltr'><strong><em>Amazonas</em></strong></span> <span class='ocrx_word' id='word_1_425' title='bbox 309 3724 386 3771; x_wconf 88' lang='lat' dir='ltr'><strong><em>sistro</em></strong></span> <span class='ocrx_word' id='word_1_426' title='bbox 403 3723 435 3771; x_wconf 89' lang='lat' dir='ltr'><strong><em>ad</em></strong></span> <span class='ocrx_word' id='word_1_427' title='bbox 447 3725 542 3773; x_wconf 91' lang='lat' dir='ltr'><strong><em>bellum</em></strong></span> <span class='ocrx_word' id='word_1_428' title='bbox 555 3724 598 3774; x_wconf 86' lang='lat' dir='ltr'><strong><em>ioe·</em></strong></span> <span class='ocrx_word' id='word_1_429' title='bbox 636 3720 847 3779; x_wconf 76' lang='lat' dir='ltr'><strong><em>versslectioue&#39;t</em></strong></span> <span class='ocrx_word' id='word_1_430' title='bbox 865 3723 909 3783; x_wconf 73' lang='lat' dir='ltr'><strong><em>‘illl</em></strong></span> <span class='ocrx_word' id='word_1_431' title='bbox 928 3723 953 3769; x_wconf 73' lang='lat' dir='ltr'><strong><em>ln</em></strong></span> <span class='ocrx_word' id='word_1_432' title='bbox 970 3721 1026 3783; x_wconf 71' lang='grc'><strong>11110</strong></span> <span class='ocrx_word' id='word_1_433' title='bbox 1044 3727 1168 3772; x_wconf 70' lang='lat' dir='ltr'><strong><em>contextu</em></strong></span> 
     </span>
     <span class='ocr_line' id='line_1_46' title="bbox 63 3795 1169 3863; baseline 0 -17"><span class='ocrx_word' id='word_1_434' title='bbox 63 3796 490 3850; x_wconf 71' lang='lat' dir='ltr'><strong><em>minarumexercitasvoesbatur!</em></strong></span> <span class='ocrx_word' id='word_1_435' title='bbox 505 3800 599 3863; x_wconf 75' lang='lat' dir='ltr'><strong><em>AEgyp·</em></strong></span> <span class='ocrx_word' id='word_1_436' title='bbox 636 3795 753 3844; x_wconf 75' lang='lat' dir='ltr'><strong><em>addictis:</em></strong></span> <span class='ocrx_word' id='word_1_437' title='bbox 776 3796 851 3844; x_wconf 89' lang='lat' dir='ltr'><strong><em>multi</em></strong></span> <span class='ocrx_word' id='word_1_438' title='bbox 868 3795 989 3845; x_wconf 81' lang='lat' dir='ltr'><strong><em>abductus.</em></strong></span> <span class='ocrx_word' id='word_1_439' title='bbox 1024 3797 1169 3850; x_wconf 87' lang='lat' dir='ltr'><strong><em>Oiselianus</em></strong></span> 
     </span>
     <span class='ocr_line' id='line_1_47' title="bbox 65 3871 1169 3937; baseline -0.004 -15"><span class='ocrx_word' id='word_1_440' title='bbox 65 3872 116 3922; x_wconf 81' lang='lat' dir='ltr'><strong><em>iios</em></strong></span> <span class='ocrx_word' id='word_1_441' title='bbox 127 3872 231 3937; x_wconf 87' lang='lat' dir='ltr'><strong><em>quidem</em></strong></span> <span class='ocrx_word' id='word_1_442' title='bbox 251 3873 331 3922; x_wconf 86' lang='lat' dir='ltr'><strong><em>sistris</em></strong></span> <span class='ocrx_word' id='word_1_443' title='bbox 348 3875 374 3922; x_wconf 90' lang='lat' dir='ltr'><strong><em>in</em></strong></span> <span class='ocrx_word' id='word_1_444' title='bbox 394 3873 463 3922; x_wconf 88' lang='lat' dir='ltr'><strong><em>bello</em></strong></span> <span class='ocrx_word' id='word_1_445' title='bbox 481 3889 538 3923; x_wconf 88' lang='lat' dir='ltr'><strong><em>usos</em></strong></span> <span class='ocrx_word' id='word_1_446' title='bbox 555 3889 599 3925; x_wconf 92' lang='lat' dir='ltr'><strong><em>no·</em></strong></span> <span class='ocrx_word' id='word_1_447' title='bbox 636 3872 783 3920; x_wconf 78' lang='lat' dir='ltr'><strong><em>aautaasat</em></strong></span> <span class='ocrx_word' id='word_1_448' title='bbox 793 3871 886 3920; x_wconf 78' lang='lat' dir='ltr'><strong><em>seriem</em></strong></span> <span class='ocrx_word' id='word_1_449' title='bbox 896 3873 1061 3921; x_wconf 80' lang='lat' dir='ltr'><strong><em>corruitevvris.</em></strong></span> <span class='ocrx_word' id='word_1_450' title='bbox 1075 3874 1169 3923; x_wconf 59' lang='grc' dir='ltr'><strong><em>Ἐάν.</em></strong></span> 
     </span>
     <span class='ocr_line' id='line_1_48' title="bbox 64 3947 1170 4013; baseline 0.002 -15"><span class='ocrx_word' id='word_1_451' title='bbox 64 3953 129 3998; x_wconf 83' lang='lat' dir='ltr'><strong><em>tum.</em></strong></span> <span class='ocrx_word' id='word_1_452' title='bbox 141 3948 598 4013; x_wconf 80' lang='lat' dir='ltr'><strong><em>bincilludMorouisdecleopatru:</em></strong></span> <span class='ocrx_word' id='word_1_453' title='bbox 637 3952 675 3996; x_wconf 83' lang='lat' dir='ltr'><strong><em>tus</em></strong></span> <span class='ocrx_word' id='word_1_454' title='bbox 691 3947 823 3996; x_wconf 81' lang='lat' dir='ltr'><strong><em>frustras</em></strong></span> <span class='ocrx_word' id='word_1_455' title='bbox 845 3949 936 3996; x_wconf 90' lang='lat' dir='ltr'><strong><em>Delrio</em></strong></span> <span class='ocrx_word' id='word_1_456' title='bbox 955 3950 1111 4011; x_wconf 83' lang='lat' dir='ltr'><strong><em>castigatur:</em></strong></span> <span class='ocrx_word' id='word_1_457' title='bbox 1130 3949 1170 4000; x_wconf 75' lang='lat' dir='ltr'><strong><em>sio</em></strong></span> 
     </span>
     <span class='ocr_line' id='line_1_49' title="bbox 64 4021 1169 4088; baseline 0.007 -19"><span class='ocrx_word' id='word_1_458' title='bbox 64 4021 170 4084; x_wconf 83' lang='lat' dir='ltr'><strong><em>‘patrio</em></strong></span> <span class='ocrx_word' id='word_1_459' title='bbox 187 4030 265 4071; x_wconf 83' lang='lat' dir='ltr'><strong><em>vocat</em></strong></span> <span class='ocrx_word' id='word_1_460' title='bbox 284 4025 386 4086; x_wconf 80' lang='lat' dir='ltr'><strong><em>agmina</em></strong></span> <span class='ocrx_word' id='word_1_461' title='bbox 407 4026 483 4075; x_wconf 87' lang='lat' dir='ltr'><strong><em>sistro</em></strong></span> <span class='ocrx_word' id='word_1_462' title='bbox 492 4026 508 4074; x_wconf 87' lang='lat'><strong><em>:’</em></strong></span> <span class='ocrx_word' id='word_1_463' title='bbox 529 4027 598 4075; x_wconf 84' lang='lat' dir='ltr'><strong><em>Mar·</em></strong></span> <span class='ocrx_word' id='word_1_464' title='bbox 637 4024 859 4085; x_wconf 81' lang='lat' dir='ltr'><strong><em>addustoelsabenoe,</em></strong></span> <span class='ocrx_word' id='word_1_465' title='bbox 873 4026 941 4087; x_wconf 81' lang='lat' dir='ltr'><strong><em>apud</em></strong></span> <span class='ocrx_word' id='word_1_466' title='bbox 954 4025 1054 4088; x_wconf 74' lang='lat' dir='ltr'><strong><em>poiitus.</em></strong></span> <span class='ocrx_word' id='word_1_467' title='bbox 1089 4025 1169 4081; x_wconf 78' lang='lat' dir='ltr'><strong><em>ovid.</em></strong></span> 
     </span>
     <span class='ocr_line' id='line_1_50' title="bbox 64 4097 1170 4166; baseline 0.005 -18"><span class='ocrx_word' id='word_1_468' title='bbox 64 4097 155 4148; x_wconf 82' lang='lat' dir='ltr'><strong><em>cianus</em></strong></span> <span class='ocrx_word' id='word_1_469' title='bbox 179 4099 295 4162; x_wconf 80' lang='lat' dir='ltr'><strong><em>capella,</em></strong></span> <span class='ocrx_word' id='word_1_470' title='bbox 315 4099 358 4148; x_wconf 87' lang='lat' dir='ltr'><strong><em>tib.</em></strong></span> <span class='ocrx_word' id='word_1_471' title='bbox 373 4113 412 4149; x_wconf 84' lang='lat' dir='ltr'><strong><em>rx.</em></strong></span> <span class='ocrx_word' id='word_1_472' title='bbox 433 4103 535 4150; x_wconf 84' lang='lat' dir='ltr'><strong><em>ratamos</em></strong></span> <span class='ocrx_word' id='word_1_473' title='bbox 553 4102 600 4152; x_wconf 81' lang='lat' dir='ltr'><strong><em>dat</em></strong></span> <span class='ocrx_word' id='word_1_474' title='bbox 636 4099 820 4163; x_wconf 79' lang='lat' dir='ltr'><strong><em>‘adductaque</em></strong></span> <span class='ocrx_word' id='word_1_475' title='bbox 837 4101 911 4148; x_wconf 82' lang='lat' dir='ltr'><strong><em>clave</em></strong></span> <span class='ocrx_word' id='word_1_476' title='bbox 922 4101 1032 4149; x_wconf 83' lang='lat' dir='ltr'><strong><em>trinodis</em></strong></span> <span class='ocrx_word' id='word_1_477' title='bbox 1043 4101 1097 4149; x_wconf 86' lang='lat' dir='ltr'><strong><em>Ter</em></strong></span> <span class='ocrx_word' id='word_1_478' title='bbox 1108 4115 1170 4166; x_wconf 80' lang='lat' dir='ltr'><strong><em>qus·</em></strong></span> 
     </span>
     <span class='ocr_line' id='line_1_51' title="bbox 65 4171 1167 4237; baseline 0.003 -14"><span class='ocrx_word' id='word_1_479' title='bbox 65 4171 249 4237; x_wconf 71' lang='lat' dir='ltr'><strong><em>Amazonibus,</em></strong></span> <span class='ocrx_word' id='word_1_480' title='bbox 259 4189 310 4223; x_wconf 94' lang='lat' dir='ltr'><strong><em>nou</em></strong></span> <span class='ocrx_word' id='word_1_481' title='bbox 321 4175 404 4224; x_wconf 81' lang='lat' dir='ltr'><strong><em>sistra.</em></strong></span> <span class='ocrx_word' id='word_1_482' title='bbox 420 4179 428 4204; x_wconf 89' lang='lat'>‘</span> <span class='ocrx_word' id='word_1_483' title='bbox 441 4176 511 4228; x_wconf 84' lang='lat' dir='ltr'><strong><em>Quid</em></strong></span> <span class='ocrx_word' id='word_1_484' title='bbox 522 4177 599 4229; x_wconf 80' lang='lat' dir='ltr'><strong><em>Ama·</em></strong></span> <span class='ocrx_word' id='word_1_485' title='bbox 639 4180 680 4224; x_wconf 88' lang='lat' dir='ltr'><strong><em>ter</em></strong></span> <span class='ocrx_word' id='word_1_486' title='bbox 691 4174 793 4223; x_wconf 80' lang='lat' dir='ltr'><strong><em>adversi</em></strong></span> <span class='ocrx_word' id='word_1_487' title='bbox 805 4175 873 4224; x_wconf 87' lang='lat' dir='ltr'><strong><em>sedit</em></strong></span> <span class='ocrx_word' id='word_1_488' title='bbox 883 4175 911 4224; x_wconf 88' lang='lat' dir='ltr'><strong><em>in</em></strong></span> <span class='ocrx_word' id='word_1_489' title='bbox 921 4186 966 4224; x_wconf 86' lang='lat' dir='ltr'><strong><em>ore</em></strong></span> <span class='ocrx_word' id='word_1_490' title='bbox 978 4174 1046 4226; x_wconf 68' lang='lat' dir='ltr'><strong><em>viri!</em></strong></span> <span class='ocrx_word' id='word_1_491' title='bbox 1076 4176 1167 4226; x_wconf 77' lang='lat' dir='ltr'><strong><em>Clare·</em></strong></span> 
     </span>
     <span class='ocr_line' id='line_1_52' title="bbox 16 4244 1168 4319; baseline 0.003 -20"><span class='ocrx_word' id='word_1_492' title='bbox 16 4244 19 4248; x_wconf 52' lang='lat'><strong><em>⁴</em></strong></span> <span class='ocrx_word' id='word_1_493' title='bbox 65 4249 164 4307; x_wconf 68' lang='lat' dir='ltr'><strong><em>nonai·</em></strong></span> <span class='ocrx_word' id='word_1_494' title='bbox 173 4252 260 4299; x_wconf 76' lang='lat' dir='ltr'><strong><em>nodus</em></strong></span> <span class='ocrx_word' id='word_1_495' title='bbox 278 4248 606 4306; x_wconf 58' lang='lat' dir='ltr'><strong><em>montemmaranum</em></strong></span> <span class='ocrx_word' id='word_1_496' title='bbox 639 4249 814 4303; x_wconf 75' lang='lat' dir='ltr'><strong><em>rtasatar&#39;avr</em></strong></span> <span class='ocrx_word' id='word_1_497' title='bbox 828 4249 1084 4316; x_wconf 64' lang='lat' dir='ltr'><strong><em>nalitpros‘ervtttr</em></strong></span> <span class='ocrx_word' id='word_1_498' title='bbox 1097 4250 1168 4319; x_wconf 78' lang='lat' dir='ltr'><strong><em>qvod</em></strong></span> 
     </span>
    </p>
   </div>
   <div class='ocr_carea' id='block_1_3' title="bbox 0 0 1365 4702">
    <p class='ocr_par' dir='ltr' id='par_1_11' title="bbox 0 0 1365 4702">
     <span class='ocr_line' id='line_1_53' title="bbox 0 0 1365 4702; baseline 0 0"><span class='ocrx_word' id='word_1_499' title='bbox 0 0 1365 4702; x_wconf 95' lang='lat' dir='ltr'><strong><em> </em></strong></span> 
     </span>
    </p>
   </div>
  </div>
 </body>
</html>
