2700 4702
216 316 303 389 11⁷2
562 332 855 385 emesinorum
880 335 970 383 xov.

695 707 824 782 XCV·

465 973 519 1036 45.
564 968 772 1035 GARMEN
795 969 1060 1038 PASGHALE.

189 1143 384 1244 ‚Gulussa
399 1150 518 1229 potens
533 1166 651 1224 rerum,
667 1147 837 1211 redeuntis
850 1147 1001 1211 conditor
1016 1147 1096 1225 aevi,

210 1246 293 1312 Vox
306 1249 427 1312 summi
442 1266 627 1330 sensusque
643 1247 729 1312 Dei:
753 1268 851 1331 quem
862 1249 950 1313 fudit
963 1251 1006 1313 ab
1021 1250 1089 1314 alta
1136 1285 1139 1289 .

209 1346 324 1412 Mente
341 1349 451 1424 Pater,
465 1350 616 1432 tantique
631 1349 724 1413 dedit
735 1351 905 1413 consortia
918 1351 1021 1432 regni.

211 1447 324 1530 Impia
339 1451 397 1533 qni
411 1457 533 1513 nostrae
549 1450 709 1514 domuisti
725 1451 863 1514 crimina
873 1452 965 1530 vitae,

210 1548 340 1614 Passus
356 1568 516 1632 corporea
530 1551 647 1614 mundi
663 1552 785 1614 vestire
798 1551 913 1630 figura,

209 1647 382 1734 Affasique
397 1653 508 1733 palam
522 1653 680 1734 populos,
696 1653 930 1733 hominemque
944 1651 1059 1715 fateri:

208 1749 402 1836 [Quemque
416 1757 512 1816 utero
526 1754 691 1816 inclusum
709 1750 840 1830 Merite,
854 1772 936 1816 mox
950 1753 1083 1816 numine
1098 1753 1203 1834 viso,]

241 1917 338 1966 Cbriste
343 1919 453 1980 princeps
467 1920 557 1978 miindi,
573 1924 697 1981 reparator
706 1918 786 1967 etatis
796 1917 907 1976 melioris,
927 1917 1025 1966 Verbum
1036 1922 1059 1965 et
1070 1917 1195 1979 Sapientia
1207 1919 1256 1967 Dei
1271 1934 1305 1967 su·

204 1982 294 2092 premi:
310 1997 379 2044 quem
392 1984 467 2031 Pater
478 1991 590 2031 aeternus
607 1982 720 2045 produxit
732 1999 763 2032 er
773 1988 849 2031 mente
858 1983 958 2039 excelsu,
974 1986 998 2031 et
1016 1981 1080 2029 dedit
1099 1983 1235 2031 societatem
1247 1981 1306 2031 tanti

261 2045 316 2094 erii.
350 2047 462 2108 Christe,
480 2048 519 2108 qui
538 2047 665 2096 extinxisti
684 2048 770 2095 scelera
788 2045 861 2108 impin
882 2046 939 2094 oitoe
957 2051 1053 2106 nostre,
1063 2044 1148 2104 serens
1164 2047 1191 2094 in
1208 2046 1262 2096 orbe
1282 2054 1307 2096 te
1333 2078 1337 2083 -

247 2109 274 2158 ui
284 2124 378 2172 corpore
389 2111 497 2171 buriano,
513 2116 537 2159 et
554 2110 639 2173 alloqui
660 2115 741 2173 aperte
762 2110 865 2173 populun
883 2114 907 2158 et
917 2109 1024 2174 eossjiteri
1041 2116 1068 2158 te
1079 2124 1127 2158 esse
1138 2109 1270 2158 bominem:
1283 2114 1307 2159 et

206 2187 334 2236 perquem
350 2174 377 2223 in
392 2181 473 2223 uentre
485 2176 574 2223 Murice
582 2177 697 2236 cunum,
713 2174 806 2236 Angeto
819 2190 875 2223 mox
888 2174 1051 2236 annuntiante,
1066 2174 1130 2222 sinus
1146 2174 1256 2236 Virginis
1272 2174 1308 2222 in·

210 2100 231 2121 .-

669 2301 848 2320 omenmu

239 2379 271 2428 In
290 2381 351 2430 Vst.
373 2396 410 2443 pr.
431 2382 481 2433 ine.
501 2382 591 2431 Heius.
615 2384 679 2433 Cod.
697 2385 786 2447 Epier.
805 2383 896 2433 Amor.
910 2383 1006 2432 Monet.
1018 2396 1057 2445 pr.
1069 2383 1134 2431 Exc.
1147 2383 1258 2432 Luceus.
1268 2397 1307 2448 pr.

206 2449 262 2492 erat
278 2444 367 2506 Incipit
389 2447 418 2493 de
436 2445 568 2494 Solvotore.
603 2447 634 2495 In
657 2449 717 2496 Put.
731 2447 817 2498 Ambr.
831 2463 867 2511 pr.
879 2446 979 2497 Buslid.
993 2446 1093 2495 duobus
1109 2447 1204 2495 Petav.
1216 2447 1307 2498 deerat

205 2507 357 2569 Inscriptio.
381 2508 412 2556 ln
421 2510 518 2559 Moret.
528 2524 580 2559 see.
593 2511 690 2560 citatur
701 2512 727 2560 in
737 2514 789 2561 vita
797 2512 942 2561 Claudiani.

238 2575 251 2619 1
272 2573 386 2619 Conditor
396 2573 459 2620 orbis
468 2574 529 2622 Vnt.
543 2590 580 2636 pr.
592 2575 649 2624 Pal.
662 2576 743 2624 Oisel.
755 2576 806 2625 duo
818 2576 889 2624 Med.
901 2574 990 2624 Ambr.
1009 2588 1048 2637 pr.
1065 2573 1152 2623 Oxou.
1173 2589 1226 2624 see.
1245 2578 1304 2626 Vat.

204 2634 288 2684 Livio.
316 2635 375 2684 soni
395 2645 448 2687 vet.
471 2637 583 2699 Cyre-2
594 2639 680 2698 fundit
696 2640 725 2688 nb
744 2641 794 2688 osto
812 2641 876 2690 Cod.
890 2641 1033 2689 Bartholiu.
1046 2638 1086 2686 ed.
1098 2638 1185 2687 Perm.
1205 2639 1305 2698 found

203 2699 252 2748 nitu
270 2699 328 2749 Pal.
343 2699 394 2749 duo
406 2701 526 2751 Mem-t»
548 2702 682 2765 Vooepnter
692 2705 788 2752 Monet.
809 2719 859 2752 sec.
873 2705 962 2764 Magne
972 2709 1041 2766 puter
1052 2702 1147 2752 Petav.
1160 2707 1250 2764 pr.-‹t
1266 2703 1306 2766 qui

203 2768 291 2811 nonroe
313 2771 365 2813 vet.
389 2765 453 2826 Gyr.
480 2770 507 2813 tu
525 2772 611 2815 nostrie
623 2776 677 2816 tres
688 2770 763 2816 vati.
777 2767 831 2815 Pal.
843 2768 915 2815 Rott.
928 2767 1009 2816 Oisel.
1036 2766 1304 2828 quiveltuVat.sec.

203 2827 304 2876 dimisti
322 2830 384 2877 Var.
407 2831 460 2877 LL.
479 2829 521 2876 ed.
539 2831 615 2879 Antv.
642 2833 728 2879 meula
744 2836 816 2879 terre
828 2846 874 2889 pro
884 2831 984 2879 crimino
995 2831 1052 2878 oitoe
1063 2830 1123 2877 Vat.
1133 2844 1174 2892 pr.
1187 2846 1222 2878 m.
1236 2847 1306 2894 pr.—

203 2896 218 2940 b
236 2893 318 2940 muniti
326 2898 380 2941 vet.
391 2893 455 2954 Gyr.
479 2896 592 2942 mundum
602 2895 686 2943 vestire
695 2902 807 2958 quatuor
819 2895 891 2943 Vati.
908 2895 965 2942 Pal.
978 2895 1050 2943 Prie.
1062 2893 1147 2943 Oisel.
1159 2895 1305 2945 Bartholin.

203 2955 267 3006 Exo.
279 2957 356 3006 Lati.
384 2957 481 3006 vestine
490 2957 586 3007 Mores.
598 2963 701 3008 see—t
720 2958 797 3014 Quem
806 2959 875 3007 verbo
886 2959 951 3007 Exc.
961 2957 1029 3007 Laeti
1040 2972 1072 3008 m.
1084 2971 1139 3006 see.
1150 2959 1216 3010 Var.
1230 2960 1304 3010 LL.e

706 3101 812 3152 NOTAE

234 3211 296 3260 Hoc
308 3212 428 3271 Carmen,
440 3213 489 3261 etsi
500 3213 615 3276 elegans,
627 3227 660 3262 ex
671 3214 733 3263 mul·
775 3213 886 3275 Christo,
911 3212 919 3241 ‘
937 3212 980 3276 qni
1001 3217 1155 3275 corporatus
1176 3227 1208 3262 ao
1229 3228 1304 3263 carne

201 3284 295 3350 iorum,
306 3286 334 3335 et
346 3287 490 3349 praesertim
508 3301 541 3335 ex
560 3286 663 3336 Heinsii
678 3288 733 3354 opi·
773 3293 869 3350 tectus,
879 3288 986 3337 infinitis
998 3304 1055 3338 sese
1066 3288 1209 3352 laboribus,
1227 3289 1306 3340 oruci-

202 3360 290 3424 nione,
302 3375 352 3410 non
364 3361 443 3411 hebet
455 3363 625 3412 Claudianum
643 3369 731 3413 auoto-
774 3364 868 3426 atibus,
877 3365 1007 3425 aerumnis,
1015 3364 1093 3415 morti
1105 3363 1220 3428 denique
1231 3372 1308 3415 teter·

200 3451 268 3486 rem:
287 3439 733 3501 multominuseaqoaesequuntur,
773 3439 844 3487 rimae
872 3446 950 3502 atque
972 3439 1146 3488 acerbissimae
1175 3440 1304 3504 exposuit,

202 3512 298 3562 Graeca
319 3521 346 3561 et
363 3513 463 3573 Latina,
475 3514 501 3561 in
513 3514 686 3574 Servatorem,
706 3515 732 3562 in
774 3530 823 3580 quo
840 3516 934 3564 stidore
947 3531 976 3564 ac
989 3517 1115 3578 sanguine
1133 3530 1180 3564 suo
1200 3516 1235 3565 ab
1254 3515 1304 3565 aui·

201 3588 455 3649 Christum,iaodem
467 3595 494 3638 et
506 3589 631 3638 miracula
649 3591 731 3640 Chris·
773 3591 820 3638 mis
832 3594 925 3639 uostris
942 3591 1106 3639 durissimum
1118 3590 1215 3653 jugum
1232 3598 1303 3647 aeter·

199 3664 230 3729 tt,
241 3665 268 3715 in
285 3666 396 3724 Sirenas,
413 3665 502 3714 laudes
518 3666 654 3715 Herculis:
673 3682 731 3730 qnae
772 3680 813 3714 uae
825 3665 970 3728 depelleret
981 3664 1132 3716 servitutis.'

199 3741 285 3792 omnis
303 3747 482 3807 tamenopera
498 3741 732 3806 notisquibusdam
804 3745 820 3790 7
847 3742 959 3803 Numine]
987 3740 1086 3803 Angelo
1106 3738 1244 3806 Gabriele,
1262 3740 1303 3806 qui

150 3830 158 3851 -·
197 3816 392 3867 illustrabimur.
772 3817 885 3879 supremi
900 3816 1018 3864 Numinis
1035 3817 1103 3864 vices
1123 3817 1229 3880 agebat,
1248 3831 1302 3867 cum

231 3895 248 3941 2
265 3892 339 3941 Fudit
358 3892 388 3940 ab
405 3893 465 3954 nita]
484 3891 528 3939 Ita
544 3906 637 3954 nempe
654 3890 732 3954 fudit,
772 3891 804 3939 ad
816 3891 988 3940 beatissimam
999 3893 1132 3954 Virginem
1147 3899 1236 3941 orator
1246 3892 1301 3942 mis·

201 3970 232 4014 ut
241 3964 275 4015 ab
287 3973 387 4017 aeterno
406 3966 513 4030 fuderit,
533 3967 651 4030 genuerit
666 3968 731 4015 Ver·
771 3982 813 4016 sus
823 3982 896 4016 saera
907 3970 1037 4032 legatione
1049 3965 1189 4018 defunctus
1201 3975 1252 4019 est.

198 4041 261 4092 bum
272 4043 433 4093 adorandum
443 4044 527 4094 Pater
542 4043 715 4107 omnipotens.
806 4044 880 4098 Quem
888 4043 1074 4106 tumueresinus]
1082 4043 1114 4092 ld
1122 4051 1173 4108 est,
1180 4044 1300 4109 obquem,

231 4122 247 4166 ὅ
266 4118 396 4185 Corporen]
420 4119 459 4169 M.
477 4117 540 4171 Ant.
559 4120 679 4170 Muretus
698 4119 731 4170 de
772 4133 820 4183 per
830 4134 906 4185 quem
918 4126 1036 4170 tumuere
1047 4119 1157 4184 virginei
1165 4120 1245 4171 sinus.
