2700 4702
222 324 309 392 1222
406 337 515 386 norm
538 337 741 389 vsurnnuu
764 339 805 388 ra
828 339 888 389 on.
911 340 1049 390 neuun.
1073 341 1132 391 111.

211 483 299 549 siquis
320 481 401 533 libris.
433 482 518 546 Volgo
532 481 656 543 genitalia.
698 482 749 532 Illo
818 485 867 531 229
881 481 1320 545 NarquumrenermtiamemJNus

217 560 321 624 Virgilii
329 558 458 623 respexit:
475 562 482 587 ⁶
495 558 658 622 Miraturque
669 573 748 607 noves
786 573 855 620 qnam
865 559 962 607 rectius
974 559 1033 607 libri
1046 558 1160 621 aliquot:
1179 558 1251 622 quud
1260 559 1320 625 Bsrg

217 633 323 685 frondes
334 640 362 682 et
378 648 428 682 neu
442 649 489 682 sun
500 633 603 696 pomm'·
626 632 749 682 Imitatur
786 634 853 681 tirius
870 633 944 682 ridit.
959 634 1024 682 Post
1043 635 1101 682 haec
1118 633 1219 696 aliquid
1230 633 1316 687 deum

217 710 390 760 Maximianus
398 709 473 770 Eleg.
484 709 576 772 prime,
587 709 748 757 etsidiverso
787 709 916 772 suspicor,
938 723 989 757 non
1009 709 1079 758 enirn
1099 709 1255 758 cohaerent:
1271 723 1315 760 uec

218 799 310 835 seusu:
326 784 415 833 ‘Sicut
426 784 452 832 in
462 782 599 833 auricomis
609 785 749 848 pendentia
785 784 898 833 Cluverii
906 786 983 834 lectio
992 783 1225 848 quicquamjnrst.
1237 784 1313 853 Palo

216 861 340 927 plurimus
351 860 555 923 hortisPerrigil
566 859 747 909 observatnon
785 867 846 909 ente
869 877 917 925 pro
938 866 1056 924 ruptorem
1077 865 1174 923 purius,
1202 861 1328 913 Pomm,

215 935 465 1000 snnpemndraco?
482 935 746 1000 quibusparialrubes
784 937 894 999 Gyreld.
918 939 1024 986 Luceus.
1047 936 1124 999 prim.
1145 935 1267 985 Vaticsn.
1287 941 1311 986 et

215 1013 323 1065 Anthol.
342 1027 361 1064 ι.
379 1017 421 1063 20.
439 1015 466 1062 in
489 1015 594 1063 Caltiaii
610 1016 746 1078 Epigram·
784 1030 830 1064 sex
853 1016 912 1065 alii:
942 1029 1046 1079 sequor.
1068 1015 1133 1063 Mox
1150 1029 1199 1063 nen
1219 1015 1309 1077 pignero

214 1096 285 1142 mate
297 1106 303 1139 r
321 1088 431 1139 'olseium
441 1088 517 1151 ὄζοισι
526 1088 681 1153 palpemus,
690 1091 744 1150 iius-
782 1094 838 1142 cesi
848 1109 896 1156 pro
908 1107 968 1142 enen
980 1093 1055 1156 prim.
1068 1091 1155 1142 Vutie.
1181 1093 1220 1141 D.
1230 1091 1307 1141 Heiat.

213 1184 245 1230 pa
263 1164 351 1216 θάλλεν·
389 1166 439 1214 oim
459 1165 515 1226 ἐμὸν
533 1164 651 1230 ἡμετέροις
670 1166 744 1215 κλωσὶ
816 1168 938 1231 Nusquam
955 1168 1086 1216 moerentis
1107 1166 1207 1229 measa]
1231 1167 1307 1216 Reve-

212 1241 316 1306 ee'pooea
326 1240 406 1306 βάρος.
438 1243 565 1306 Loquitur
578 1244 647 1305 pirus
657 1244 744 1292 silves·
782 1244 867 1293 uentis
879 1259 972 1292 mensae
984 1243 1106 1306 jungitur
1117 1241 1207 1291 divino
1217 1241 1304 1291 cultui:

214 1321 269 1370 tris.
302 1320 376 1370 Idem
396 1319 617 1381 Virgil.AEn.v1.
643 1321 744 1371 ‘Quale
781 1334 832 1368 non
843 1333 905 1368 sane
917 1320 1076 1382 principalis,
1087 1333 1174 1382 neque
1184 1317 1220 1367 de
1230 1319 1305 1382 Cesa-

207 1398 281 1446 solet
299 1395 370 1444 silvis
393 1394 501 1444 brumali
520 1394 618 1458 frigore
645 1397 742 1446 viscum
774 1395 851 1445 -ribns
869 1396 911 1444 hic
930 1409 1024 1455 sermo,
1042 1400 1072 1443 nt
1088 1393 1305 1454 creveris-visun,
1342 1430 1344 1437 .

212 1471 316 1521 Fronde
336 1472 515 1532 sineremus,
536 1471 605 1535 quod
623 1485 673 1520 non
696 1487 743 1521 suu
780 1469 1126 1534 sedproximnmaTemplis
1135 1467 1305 1532 arisqnelies·

212 1546 432 1596 seminator-bor?
448 1548 554 1596 muliera
574 1545 671 1596 arbane
686 1549 745 1597 Mn·v
779 1560 836 1593 rum
848 1544 1026 1593 immortalium
1036 1544 1260 1594 consecutionem
1270 1556 1305 1592 re·

210 1625 288 1674 uilius
306 1631 384 1674 vocat
405 1626 552 1688 eleganter:
576 1624 684 1689 ‘Atque
702 1640 741 1675 ar·
780 1627 863 1670 terum
872 1622 976 1684 Religio
985 1620 1133 1670 habebatis
1142 1632 1237 1670 menese
1245 1634 1305 1669 eom·

117 1758 118 1761 Ἴ
211 1700 288 1750 bustu
299 1701 370 1763 vagis
381 1711 468 1749 essent
480 1700 549 1764 qnod
567 1700 685 1749 adultera
697 1716 741 1764 po·
778 1697 862 1745 uronis
882 1696 1091 1759 participatione.
1132 1696 1228 1760 ltaque
1244 1695 1305 1745 sar-

210 1776 259 1824 mis
271 1775 288 1825 ε’
304 1775 450 1839 {reponimur
462 1774 560 1840 δένδρων
571 1774 685 1838 γενέσεις,
696 1777 742 1827 ,lu-
778 1786 841 1821 num
859 1773 981 1821 invitatos
999 1771 1033 1820 ud
1055 1785 1171 1820 inensam
1192 1785 1261 1819 sunm
1280 1776 1304 1819 et

209 1853 439 1918 lisn0‚Ep.xx1v.
457 1853 605 1902 Ennomus:
624 1853 740 1903 ‘Inserit
778 1848 882 1896 numine
891 1848 1012 1911 adjurato
1030 1853 1163 1896 extractos
1179 1861 1237 1896 cam
1249 1861 1304 1895 nra·

209 1936 329 1978 externus
353 1930 491 1994 peregrino
513 1930 539 1977 in
558 1928 657 1992 cespite
669 1929 740 1992 plen·
777 1924 848 1974 ribus
860 1931 887 1974 et
898 1925 985 1973 liberis
997 1923 1136 1974 tradidisse
1150 1922 1264 1973 carnifici
1275 1923 1303 1972 ob

210 2003 740 2067 tas‚Advenacnnjnnctissociaturnexi·
778 2006 906 2062 quaestum
936 1999 981 2047 nit.
1024 1998 1136 2048 Tacitus
1158 1997 1253 2048 Annei.
1276 2010 1304 2047 n.

209 2077 258 2127 bns
280 2079 367 2138 arbos,
387 2080 554 2128 Truncantur
572 2079 678 2141 stirpes,
696 2080 739 2128 de·
777 2082 844 2142 ‘per
853 2079 943 2141 epulas
955 2094 985 2126 eo
996 2079 1164 2128 vinolentiem
1178 2078 1304 2129 incautum

208 2169 319 2205 pressum
338 2155 406 2204 falce
418 2158 524 2205 maritat
534 2156 691 2218 virgultum,
702 2162 739 2203 te·
777 2156 871 2218 Cotyn,
879 2161 908 2203 et
919 2162 1055 2218 postquam
1072 2153 1161 2202 dolum
1177 2153 1306 2203 intellexe-

208 2229 739 2294 nerolignummordeturhiata,Germine
776 2237 827 2293 rat,
852 2245 927 2279 sacre
948 2230 1042 2294 Regni,
1068 2229 1187 2292 ejusdem
1205 2227 1304 2280 familis

207 2306 328 2354 nobilitas
357 2307 490 2368 consurgit
506 2321 556 2354 non
576 2322 623 2354 sua
639 2307 738 2370 parvo!
775 2307 845 2356 Deos
861 2313 888 2356 et
904 2307 1045 2370 hospitales
1062 2320 1164 2354 incusas
1181 2306 1306 2356 obtestan-

205 2381 259 2430 Sed
271 2382 407 2432 redeamus
418 2384 444 2430 in
456 2383 576 2432 orbitarn.
593 2384 627 2431 D.
641 2383 726 2433 Heius.
775 2389 827 2430 tem
839 2382 937 2431 cetenis
954 2381 1063 2431 onerat!
1095 2382 1139 2430 Sic
1150 2382 1246 2431 mensis
1257 2381 1305 2430 suis

240 2455 417 2518 Getulijucnlo]
440 2457 530 2506 Getuli
550 2459 650 2506 Leones
670 2460 737 2508 cele·
775 2459 884 2506 Romani
896 2471 1017 2520 proceres
1036 2466 1086 2505 non
1103 2457 1305 2506 nliterDeoruut

207 2529 320 2580 berrimi.
337 2531 426 2580 Barth.
773 2533 897 2598 imagines
917 2534 1106 2598 preponebant
1123 2541 1206 2597 usqae
1222 2533 1306 2586 elteri·

238 2607 336 2669 Leaenu]
353 2608 412 2656 Hoc
430 2621 510 2670 genus
521 2607 651 2658 foeminam
661 2611 734 2659 saevi-
774 2609 1119 2674 busarisque'l'emplomm.
1152 2611 1199 2659 Sic
1209 2611 1237 2658 in
1248 2609 1304 2659 asiis

204 2697 274 2731 orem
287 2698 357 2732 mere
369 2681 477 2732 furiunt.
495 2684 568 2732 Idem.
772 2686 894 2734 convictu
913 2685 1044 2734 habebunt
1058 2685 1104 2748 jus
1121 2685 1214 2747 prisci,
1228 2692 1256 2735 ct
1274 2699 1304 2733 eo

237 2763 285 2808 227
302 2760 419 2822 Hprcorm
437 2759 522 2822 beliue]
539 2761 637 2822 'l'igrim
659 2761 733 2822 dicit,
771 2760 844 2809 illato
855 2776 969 2810 mensum
981 2761 1129 2810 consecrari
1144 2759 1303 2813 arbitrabun-

204 2849 262 2898 quae
282 2836 373 2884 nobilis
400 2834 433 2883 de
453 2836 594 2897 Hyrcania.
618 2837 734 2886 Martini.
772 2843 823 2884 tur.
858 2837 946 2885 Barth.

202 2912 211 2939 ⁶
222 2911 309 2974 Tigris
317 2911 349 2960 ab
360 2911 483 2973 Hyrcano
495 2911 576 2974 gloria
586 2925 644 2959 rara
650 2911 734 2975 jugo!
802 2915 851 2960 2³⁰
862 2913 1073 2976 Numantiamque
1083 2912 1134 2975 ipse
1144 2913 1228 2976 mmai]
1245 2911 1301 2962 Non

203 2984 278 3034 Idem.
770 2989 877 3051 explent
898 2990 957 3038 odia
968 2989 1027 3038 caesi
1042 2989 1199 3052 conjugibus
1205 2988 1300 3038 liberis·

233 3064 283 3108 228
298 3061 387 3108 ramea
397 3061 500 3109 Deorum
511 3060 731 3126 questmteritur]
769 3077 819 3126 qne
830 3063 917 3112 mixtis
937 3065 962 3112 in
981 3077 1068 3112 eorum
1080 3063 1208 3126 sangnine
1218 3062 1301 3112 miseri

201 3136 279 3184 Prins
285 3136 358 3200 jurat
374 3136 486 3184 omnium
497 3136 628 3185 numinum
640 3139 732 3202 mejes·
769 3148 892 3202 parentes
912 3148 939 3189 et
960 3141 1053 3189 meriti.
1097 3141 1157 3189 Non
1180 3141 1300 3190 convenit

202 3217 293 3272 tatem,
312 3210 406 3260 deinde
426 3212 562 3274 proculcat
584 3227 641 3261 enm
659 3216 731 3277 pedi·
768 3217 825 3265 haec
837 3219 880 3265 uni
893 3217 968 3264 alicui
979 3216 1128 3265 mlscribere
1140 3231 1199 3264 cnm
1210 3217 1300 3266 Clare·

201 3286 259 3348 bus,
273 3287 348 3335 homo
366 3300 456 3336 vecors
475 3293 504 3336 et
524 3288 649 3351 impurus,
669 3290 730 3340 nihil
768 3292 823 3353 rio;
849 3307 908 3340 narn
927 3291 960 3341 de
980 3291 1090 3340 avaritia
1110 3289 1201 3340 Rufini
1217 3305 1298 3340 senne

199 3361 514 3422 nonlucrigratianusus.
539 3363 731 3430 Rittinumqun-
767 3373 817 3428 est,
850 3367 968 3416 nefandis
997 3367 1112 3416 cedilms
1134 3381 1183 3430 per
1210 3367 1297 3416 orbem

197 3436 220 3486 si
242 3437 384 3486 imminutae
407 3439 552 3502 majestatis
573 3439 729 3491 videturne·
767 3442 914 3491 uuiversum
935 3441 1093 3504 bacchante,
1115 3449 1145 3491 ut
1173 3443 1236 3492 satis
1263 3449 1296 3492 te·

197 3527 298 3573 cussie,
320 3515 418 3578 sprevit
434 3515 501 3562 euim
522 3513 661 3564 Arcadium
676 3531 729 3566 non
765 3531 813 3566 nor
833 3518 889 3581 ipse
915 3518 1297 3583 sententimsequeutisnrguit.

196 3591 290 3652 solum,
309 3590 355 3638 sed
373 3597 400 3638 et
416 3590 564 3639 memoriam
576 3598 646 3640 retro
658 3595 728 3654 prin·
766 3593 843 3643 idem.

195 3665 293 3730 cipum,
304 3667 347 3730 qui
359 3665 475 3714 divorum
488 3667 545 3713 loco
556 3673 615 3728 port
628 3668 727 3718 obitum
797 3671 843 3716 221
863 3668 945 3732 Odiis]
962 3668 1012 3718 His
1023 3682 1113 3718 cerere
1124 3669 1197 3718 leudi
1208 3674 1295 3719 eonius

194 3739 293 3803 imbiti3
321 3742 434 3804 quinimo
459 3740 594 3789 Theodosii
616 3743 726 3793 viventis
763 3745 809 3794 dut
819 3745 966 3808 stilichoni,
978 3747 1056 3794 etiam
1065 3747 1094 3793 -iu
1105 3746 1136 3794 iis
1147 3748 1193 3810 qai
1203 3747 1296 3810 suppli·

196 3829 287 3880 parum
315 3815 364 3864 fuit
382 3830 513 3875 reverens,
538 3830 613 3878 quem
638 3826 726 3868 tamen
763 3823 832 3870 cium
852 3821 952 3870 meriti:
970 3835 1021 3871 uon
1041 3822 1110 3869 enim
1128 3821 1180 3877 sibi
1199 3820 1295 3870 viudin·

194 3891 513 3943 AthalaricusGotliornm
523 3907 567 3942 rex
576 3895 659 3942 Deum
669 3909 725 3956 pro·
763 3904 816 3944 tam
838 3903 963 3957 praestant
983 3896 1097 3945 nomines
1117 3897 1229 3956 corileti,
1248 3895 1294 3946 sed

195 3968 336 4018 nunciavit.
378 3970 453 4018 Silius
470 3969 600 4032 italicus,
622 3970 666 4020 lib.
689 3987 722 4021 r.:
761 3971 870 4034 legibus.
896 3972 973 4020 luem.

194 4044 202 4071 ‘
213 4042 387 4108 iuratumque
406 4046 465 4096 Jovi
476 4045 569 4107 fndus,
586 4055 724 4097 conventu·
792 4050 841 4094 232
852 4044 939 4108 Notos]
950 4044 1192 4107 Amicumclieutes.
1205 4047 1296 4108 Egisti,

195 4132 246 4182 que
267 4119 376 4170 Petrum
395 4121 493 4170 Sidonii
509 4120 612 4187 fregere
625 4122 723 4175 duees’
760 4123 914 4172 exsulatum.
931 4123 997 4172 ·Vcl
1015 4128 1056 4172 est
1069 4123 1256 4179 Graeanicnau
1268 4122 1296 4173 1·

193 4193 296 4246 Closer.
312 4196 388 4246 idem.
758 4215 812 4262 pru
829 4195 869 4249 sat
883 4196 971 4264 pipin,
981 4212 1089 4264 quoram
1106 4194 1227 4262 ipen-sd
1240 4199 1294 4258 ed·
