<?xml version="1.0" encoding="UTF-8"?>
<!DOCTYPE html PUBLIC "-//W3C//DTD XHTML 1.0 Transitional//EN"
    "http://www.w3.org/TR/xhtml1/DTD/xhtml1-transitional.dtd">
<html xmlns="http://www.w3.org/1999/xhtml" xml:lang="en" lang="en">
 <head>
  <title>
</title>
<meta http-equiv="Content-Type" content="text/html;charset=utf-8" />
  <meta name='ocr-system' content='tesseract 3.04.00' />
  <meta name='ocr-capabilities' content='ocr_page ocr_carea ocr_par ocr_line ocrx_word'/>
</head>
<body>
  <div class='ocr_page' id='page_1' title='image "./claudiiclaudian01claugoog_0335.png"; bbox 0 0 2700 4702; ppageno 0'>
   <div class='ocr_carea' id='block_1_1' title="bbox 188 275 1096 372">
    <p class='ocr_par' dir='ltr' id='par_1_1' title="bbox 188 275 1096 372">
     <span class='ocr_line' id='line_1_1' title="bbox 188 275 1096 372; baseline -0.012 -6"><span class='ocrx_word' id='word_1_1' title='bbox 188 275 276 366; x_wconf 77' lang='lat'>1806</span> <span class='ocrx_word' id='word_1_2' title='bbox 389 308 497 360; x_wconf 76' lang='lat' dir='ltr'>noun</span> <span class='ocrx_word' id='word_1_3' title='bbox 519 307 719 372; x_wconf 77' lang='lat' dir='ltr'>reniouuu</span> <span class='ocrx_word' id='word_1_4' title='bbox 747 307 785 356; x_wconf 82' lang='lat' dir='ltr'>m</span> <span class='ocrx_word' id='word_1_5' title='bbox 810 309 868 355; x_wconf 83' lang='lat' dir='ltr'>oa.</span> <span class='ocrx_word' id='word_1_6' title='bbox 890 307 1028 357; x_wconf 77' lang='lat' dir='ltr'>casua.</span> <span class='ocrx_word' id='word_1_7' title='bbox 1047 307 1096 356; x_wconf 84' lang='lat' dir='ltr'>vr.</span> 
     </span>
    </p>
   </div>
   <div class='ocr_carea' id='block_1_2' title="bbox 711 741 776 809">
    <p class='ocr_par' dir='ltr' id='par_1_2' title="bbox 711 741 776 809">
     <span class='ocr_line' id='line_1_2' title="bbox 711 741 776 809; baseline -0.077 0"><span class='ocrx_word' id='word_1_8' title='bbox 711 741 776 809; x_wconf 87' lang='lat' dir='ltr'>Vl.</span> 
     </span>
    </p>
   </div>
   <div class='ocr_carea' id='block_1_3' title="bbox 232 991 1253 1071">
    <p class='ocr_par' dir='ltr' id='par_1_3' title="bbox 232 991 1253 1071">
     <span class='ocr_line' id='line_1_3' title="bbox 232 991 1253 1071; baseline -0.006 -1"><span class='ocrx_word' id='word_1_9' title='bbox 232 993 311 1071; x_wconf 91' lang='lat' dir='ltr'>DE</span> <span class='ocrx_word' id='word_1_10' title='bbox 334 993 537 1069; x_wconf 85' lang='lat' dir='ltr'>TERTIO</span> <span class='ocrx_word' id='word_1_11' title='bbox 566 991 987 1070; x_wconf 82' lang='lat' dir='ltr'>coNs.110NOR11</span> <span class='ocrx_word' id='word_1_12' title='bbox 1014 991 1253 1068; x_wconf 80' lang='lat' dir='ltr'><strong>PRAEFAT.</strong></span> 
     </span>
    </p>
   </div>
   <div class='ocr_carea' id='block_1_4' title="bbox 187 1210 1332 4155">
    <p class='ocr_par' dir='ltr' id='par_1_4' title="bbox 187 1210 1299 1660">
     <span class='ocr_line' id='line_1_4' title="bbox 225 1210 1293 1282; baseline -0.006 -16"><span class='ocrx_word' id='word_1_13' title='bbox 225 1221 239 1266; x_wconf 89' lang='lat'>1</span> <span class='ocrx_word' id='word_1_14' title='bbox 258 1217 511 1282; x_wconf 82' lang='lat' dir='ltr'>Pereoeuousqailie]</span> <span class='ocrx_word' id='word_1_15' title='bbox 527 1217 724 1268; x_wconf 83' lang='lat' dir='ltr'>Concinniorem</span> <span class='ocrx_word' id='word_1_16' title='bbox 761 1232 810 1266; x_wconf 86' lang='lat' dir='ltr'>uus</span> <span class='ocrx_word' id='word_1_17' title='bbox 826 1216 894 1267; x_wconf 89' lang='lat' dir='ltr'>liber</span> <span class='ocrx_word' id='word_1_18' title='bbox 912 1215 1058 1266; x_wconf 75' lang='lat' dir='ltr'>confirmat.</span> <span class='ocrx_word' id='word_1_19' title='bbox 1073 1217 1166 1262; x_wconf 84' lang='lat' dir='ltr'>noster</span> <span class='ocrx_word' id='word_1_20' title='bbox 1176 1210 1210 1260; x_wconf 88' lang='lat' dir='ltr'>de</span> <span class='ocrx_word' id='word_1_21' title='bbox 1221 1211 1293 1275; x_wconf 79' lang='lat' dir='ltr'>Crys-</span> 
     </span>
     <span class='ocr_line' id='line_1_5' title="bbox 191 1289 1294 1358; baseline -0.007 -14"><span class='ocrx_word' id='word_1_22' title='bbox 191 1292 308 1345; x_wconf 72' lang='lat' dir='ltr'>futurum</span> <span class='ocrx_word' id='word_1_23' title='bbox 317 1310 419 1344; x_wconf 84' lang='lat' dir='ltr'>versum</span> <span class='ocrx_word' id='word_1_24' title='bbox 430 1295 486 1358; x_wconf 82' lang='lat' dir='ltr'>jam</span> <span class='ocrx_word' id='word_1_25' title='bbox 497 1295 558 1343; x_wconf 88' lang='lat' dir='ltr'>olim</span> <span class='ocrx_word' id='word_1_26' title='bbox 567 1295 617 1343; x_wconf 83' lang='lat' dir='ltr'>reti</span> <span class='ocrx_word' id='word_1_27' title='bbox 629 1309 724 1353; x_wconf 88' lang='lat' dir='ltr'>sumus,</span> <span class='ocrx_word' id='word_1_28' title='bbox 763 1294 841 1343; x_wconf 90' lang='lat' dir='ltr'>talio:</span> <span class='ocrx_word' id='word_1_29' title='bbox 859 1293 1017 1343; x_wconf 83' lang='lat' dir='ltr'>‘Clauditur</span> <span class='ocrx_word' id='word_1_30' title='bbox 1038 1289 1159 1340; x_wconf 89' lang='lat' dir='ltr'>immunis</span> <span class='ocrx_word' id='word_1_31' title='bbox 1182 1302 1294 1338; x_wconf 76' lang='lat' dir='ltr'>convexo</span> 
     </span>
     <span class='ocr_line' id='line_1_6' title="bbox 194 1364 1296 1435; baseline -0.008 -14"><span class='ocrx_word' id='word_1_32' title='bbox 194 1372 216 1421; x_wconf 90' lang='lat' dir='ltr'>si</span> <span class='ocrx_word' id='word_1_33' title='bbox 225 1372 371 1435; x_wconf 84' lang='lat' dir='ltr'>legeretur:</span> <span class='ocrx_word' id='word_1_34' title='bbox 384 1370 530 1430; x_wconf 78' lang='lat' dir='ltr'>Nosfaeesi</span> <span class='ocrx_word' id='word_1_35' title='bbox 539 1371 634 1434; x_wconf 78' lang='lat' dir='ltr'>Aquilio</span> <span class='ocrx_word' id='word_1_36' title='bbox 640 1385 726 1434; x_wconf 74' lang='lat' dir='ltr'>pur-eos</span> <span class='ocrx_word' id='word_1_37' title='bbox 763 1370 876 1432; x_wconf 89' lang='lat' dir='ltr'>tegmine</span> <span class='ocrx_word' id='word_1_38' title='bbox 888 1367 973 1418; x_wconf 71' lang='lat' dir='ltr'>rivus!</span> <span class='ocrx_word' id='word_1_39' title='bbox 988 1367 1141 1417; x_wconf 85' lang='lat' dir='ltr'>‘corticem</span> <span class='ocrx_word' id='word_1_40' title='bbox 1156 1364 1209 1414; x_wconf 89' lang='lat' dir='ltr'>ovi&#39;</span> <span class='ocrx_word' id='word_1_41' title='bbox 1231 1364 1296 1413; x_wconf 84' lang='lat' dir='ltr'>dixit</span> 
     </span>
     <span class='ocr_line' id='line_1_7' title="bbox 192 1440 1296 1507; baseline -0.007 -11"><span class='ocrx_word' id='word_1_42' title='bbox 192 1448 289 1496; x_wconf 76' lang='lat' dir='ltr'>educere</span> <span class='ocrx_word' id='word_1_43' title='bbox 304 1447 389 1507; x_wconf 79' lang='lat' dir='ltr'>fetae.</span> <span class='ocrx_word' id='word_1_44' title='bbox 423 1447 500 1500; x_wconf 79' lang='lat' dir='ltr'>Quod</span> <span class='ocrx_word' id='word_1_45' title='bbox 520 1453 550 1496; x_wconf 92' lang='lat' dir='ltr'>ut</span> <span class='ocrx_word' id='word_1_46' title='bbox 569 1460 659 1496; x_wconf 87' lang='lat' dir='ltr'>rerum</span> <span class='ocrx_word' id='word_1_47' title='bbox 676 1453 725 1506; x_wconf 87' lang='lat' dir='ltr'>est,</span> <span class='ocrx_word' id='word_1_48' title='bbox 762 1444 873 1494; x_wconf 87' lang='lat' dir='ltr'>Serenus</span> <span class='ocrx_word' id='word_1_49' title='bbox 881 1443 1067 1506; x_wconf 86' lang='lat' dir='ltr'>Sammonicus,</span> <span class='ocrx_word' id='word_1_50' title='bbox 1083 1457 1143 1505; x_wconf 87' lang='lat' dir='ltr'>cap.</span> <span class='ocrx_word' id='word_1_51' title='bbox 1154 1440 1213 1490; x_wconf 57' lang='lat'>³0!</span> <span class='ocrx_word' id='word_1_52' title='bbox 1227 1445 1296 1503; x_wconf 84' lang='lat' dir='ltr'>puta·</span> 
     </span>
     <span class='ocr_line' id='line_1_8' title="bbox 187 1513 1296 1584; baseline -0.01 -11"><span class='ocrx_word' id='word_1_53' title='bbox 187 1523 230 1573; x_wconf 88' lang='lat' dir='ltr'>-ita</span> <span class='ocrx_word' id='word_1_54' title='bbox 249 1528 343 1572; x_wconf 85' lang='lat' dir='ltr'>contra</span> <span class='ocrx_word' id='word_1_55' title='bbox 363 1537 450 1572; x_wconf 90' lang='lat' dir='ltr'>omues</span> <span class='ocrx_word' id='word_1_56' title='bbox 471 1529 557 1572; x_wconf 88' lang='lat' dir='ltr'>tamen</span> <span class='ocrx_word' id='word_1_57' title='bbox 568 1522 647 1572; x_wconf 89' lang='lat' dir='ltr'>libros</span> <span class='ocrx_word' id='word_1_58' title='bbox 662 1522 726 1572; x_wconf 86' lang='lat' dir='ltr'>nibil</span> <span class='ocrx_word' id='word_1_59' title='bbox 763 1521 950 1584; x_wconf 76' lang='lat' dir='ltr'>men&#39;eap.41.</span> <span class='ocrx_word' id='word_1_60' title='bbox 963 1527 991 1569; x_wconf 90' lang='lat' dir='ltr'>et</span> <span class='ocrx_word' id='word_1_61' title='bbox 1009 1518 1147 1582; x_wconf 81' lang='lat' dir='ltr'>‘fragmen</span> <span class='ocrx_word' id='word_1_62' title='bbox 1155 1513 1296 1580; x_wconf 83' lang='lat' dir='ltr'>juglandis&#39;</span> 
     </span>
     <span class='ocr_line' id='line_1_9' title="bbox 191 1592 1299 1660; baseline -0.007 -14"><span class='ocrx_word' id='word_1_63' title='bbox 191 1603 332 1646; x_wconf 85' lang='lat' dir='ltr'>mutamus.</span> <span class='ocrx_word' id='word_1_64' title='bbox 348 1596 439 1646; x_wconf 83' lang='lat' dir='ltr'>Burils.</span> <span class='ocrx_word' id='word_1_65' title='bbox 764 1596 967 1660; x_wconf 63' lang='lat' dir='ltr'>cenomanicis</span> <span class='ocrx_word' id='word_1_66' title='bbox 988 1595 1067 1644; x_wconf 87' lang='lat' dir='ltr'>etiam</span> <span class='ocrx_word' id='word_1_67' title='bbox 1088 1592 1225 1652; x_wconf 75' lang='lat' dir='ltr'>Lucensis,</span> <span class='ocrx_word' id='word_1_68' title='bbox 1243 1604 1299 1654; x_wconf 91' lang='lat' dir='ltr'>quo·</span> 
     </span>
    </p>

    <p class='ocr_par' dir='ltr' id='par_1_5' title="bbox 193 1665 1298 1888">
     <span class='ocr_line' id='line_1_10' title="bbox 227 1665 1297 1736; baseline -0.007 -14"><span class='ocrx_word' id='word_1_69' title='bbox 227 1671 333 1734; x_wconf 76' lang='lat' dir='ltr'>Aquilia]</span> <span class='ocrx_word' id='word_1_70' title='bbox 361 1673 423 1721; x_wconf 87' lang='lat' dir='ltr'>Non</span> <span class='ocrx_word' id='word_1_71' title='bbox 446 1671 552 1736; x_wconf 87' lang='lat' dir='ltr'>quidem</span> <span class='ocrx_word' id='word_1_72' title='bbox 568 1672 727 1735; x_wconf 81' lang='lat' dir='ltr'>Menelaetis,</span> <span class='ocrx_word' id='word_1_73' title='bbox 764 1672 840 1721; x_wconf 88' lang='lat' dir='ltr'>modo</span> <span class='ocrx_word' id='word_1_74' title='bbox 851 1672 921 1735; x_wconf 92' lang='lat' dir='ltr'>apud</span> <span class='ocrx_word' id='word_1_75' title='bbox 935 1671 1127 1721; x_wconf 82' lang='lat' dir='ltr'>Ovid.Fast.v.</span> <span class='ocrx_word' id='word_1_76' title='bbox 1145 1665 1297 1717; x_wconf 84' lang='lat' dir='ltr'>‘Perilau-</span> 
     </span>
     <span class='ocr_line' id='line_1_11' title="bbox 193 1740 1298 1810; baseline -0.004 -16"><span class='ocrx_word' id='word_1_77' title='bbox 193 1746 236 1795; x_wconf 87' lang='lat' dir='ltr'>vel</span> <span class='ocrx_word' id='word_1_78' title='bbox 250 1746 385 1810; x_wconf 84' lang='lat' dir='ltr'>Pygargis‚</span> <span class='ocrx_word' id='word_1_79' title='bbox 405 1746 448 1795; x_wconf 86' lang='lat' dir='ltr'>vel</span> <span class='ocrx_word' id='word_1_80' title='bbox 460 1745 601 1808; x_wconf 63' lang='lat' dir='ltr'>Anutariim</span> <span class='ocrx_word' id='word_1_81' title='bbox 618 1747 660 1795; x_wconf 86' lang='lat' dir='ltr'>rel</span> <span class='ocrx_word' id='word_1_82' title='bbox 671 1746 727 1796; x_wconf 90' lang='lat' dir='ltr'>Oli·</span> <span class='ocrx_word' id='word_1_83' title='bbox 763 1763 818 1798; x_wconf 88' lang='lat' dir='ltr'>mas</span> <span class='ocrx_word' id='word_1_84' title='bbox 829 1749 936 1797; x_wconf 90' lang='lat' dir='ltr'>saluisse</span> <span class='ocrx_word' id='word_1_85' title='bbox 949 1761 1038 1810; x_wconf 85' lang='lat' dir='ltr'>pecus,</span> <span class='ocrx_word' id='word_1_86' title='bbox 1059 1745 1165 1793; x_wconf 86' lang='lat' dir='ltr'>saluisse</span> <span class='ocrx_word' id='word_1_87' title='bbox 1178 1740 1298 1792; x_wconf 70' lang='lat' dir='ltr'>colonos!</span> 
     </span>
     <span class='ocr_line' id='line_1_12' title="bbox 194 1815 1298 1888; baseline -0.005 -18"><span class='ocrx_word' id='word_1_88' title='bbox 194 1822 323 1886; x_wconf 81' lang='lat' dir='ltr'>pelargis;</span> <span class='ocrx_word' id='word_1_89' title='bbox 334 1822 379 1871; x_wconf 90' lang='lat' dir='ltr'>sed</span> <span class='ocrx_word' id='word_1_90' title='bbox 392 1821 523 1872; x_wconf 85' lang='lat' dir='ltr'>Haliaetis.</span> <span class='ocrx_word' id='word_1_91' title='bbox 541 1822 636 1871; x_wconf 85' lang='lat' dir='ltr'>Delrio.</span> <span class='ocrx_word' id='word_1_92' title='bbox 764 1838 840 1888; x_wconf 88' lang='lat' dir='ltr'>quam</span> <span class='ocrx_word' id='word_1_93' title='bbox 851 1823 905 1871; x_wconf 88' lang='lat' dir='ltr'>illie</span> <span class='ocrx_word' id='word_1_94' title='bbox 914 1836 1003 1870; x_wconf 86' lang='lat' dir='ltr'>reram</span> <span class='ocrx_word' id='word_1_95' title='bbox 1011 1834 1069 1869; x_wconf 88' lang='lat' dir='ltr'>esse</span> <span class='ocrx_word' id='word_1_96' title='bbox 1077 1818 1219 1868; x_wconf 86' lang='lat' dir='ltr'>lectionem</span> <span class='ocrx_word' id='word_1_97' title='bbox 1229 1815 1298 1865; x_wconf 81' lang='lat' dir='ltr'>testis</span> 
     </span>
    </p>

    <p class='ocr_par' dir='ltr' id='par_1_6' title="bbox 193 1896 1302 2642">
     <span class='ocr_line' id='line_1_13' title="bbox 231 1896 1298 1960; baseline -0.007 -15"><span class='ocrx_word' id='word_1_98' title='bbox 231 1896 277 1945; x_wconf 81' lang='lat' dir='ltr'>Fae</span> <span class='ocrx_word' id='word_1_99' title='bbox 292 1902 327 1946; x_wconf 81' lang='lat' dir='ltr'>eet</span> <span class='ocrx_word' id='word_1_100' title='bbox 347 1899 442 1946; x_wconf 82' lang='lat' dir='ltr'><strong><em>educere</em></strong></span> <span class='ocrx_word' id='word_1_101' title='bbox 454 1897 541 1960; x_wconf 79' lang='lat' dir='ltr'>fetus]</span> <span class='ocrx_word' id='word_1_102' title='bbox 567 1899 611 1948; x_wconf 91' lang='lat' dir='ltr'>De</span> <span class='ocrx_word' id='word_1_103' title='bbox 628 1897 728 1947; x_wconf 79' lang='lat' dir='ltr'>solenni</span> <span class='ocrx_word' id='word_1_104' title='bbox 764 1899 921 1948; x_wconf 76' lang='lat' dir='ltr'>Priscianus.</span> <span class='ocrx_word' id='word_1_105' title='bbox 937 1897 992 1946; x_wconf 89' lang='lat' dir='ltr'>Pro</span> <span class='ocrx_word' id='word_1_106' title='bbox 1006 1909 1102 1944; x_wconf 78' lang='lat' dir='ltr'>excusso</span> <span class='ocrx_word' id='word_1_107' title='bbox 1110 1906 1249 1957; x_wconf 85' lang='lat' dir='ltr'>perperam</span> <span class='ocrx_word' id='word_1_108' title='bbox 1260 1904 1298 1938; x_wconf 81' lang='lat' dir='ltr'>eu·</span> 
     </span>
     <span class='ocr_line' id='line_1_14' title="bbox 193 1966 1298 2037; baseline -0.008 -14"><span class='ocrx_word' id='word_1_109' title='bbox 193 1972 245 2024; x_wconf 83' lang='lat' dir='ltr'>hoo</span> <span class='ocrx_word' id='word_1_110' title='bbox 256 1971 408 2037; x_wconf 77' lang='lat' dir='ltr'>Aquilarum</span> <span class='ocrx_word' id='word_1_111' title='bbox 425 1974 480 2022; x_wconf 87' lang='lat' dir='ltr'>sive</span> <span class='ocrx_word' id='word_1_112' title='bbox 495 1972 585 2022; x_wconf 86' lang='lat' dir='ltr'>fabula</span> <span class='ocrx_word' id='word_1_113' title='bbox 600 1974 655 2023; x_wconf 87' lang='lat' dir='ltr'>sive</span> <span class='ocrx_word' id='word_1_114' title='bbox 665 1973 728 2024; x_wconf 82' lang='lat' dir='ltr'>fuci·</span> <span class='ocrx_word' id='word_1_115' title='bbox 764 1972 1028 2037; x_wconf 81' lang='lat' dir='ltr'>eueeRaplielengius.</span> <span class='ocrx_word' id='word_1_116' title='bbox 1063 1968 1157 2032; x_wconf 83' lang='lat' dir='ltr'>Siquis</span> <span class='ocrx_word' id='word_1_117' title='bbox 1169 1966 1298 2030; x_wconf 78' lang='lat' dir='ltr'>vulgatum</span> 
     </span>
     <span class='ocr_line' id='line_1_15' title="bbox 195 2042 1300 2114; baseline -0.006 -18"><span class='ocrx_word' id='word_1_118' title='bbox 195 2061 260 2097; x_wconf 84' lang='lat' dir='ltr'>nors</span> <span class='ocrx_word' id='word_1_119' title='bbox 272 2048 412 2110; x_wconf 83' lang='lat' dir='ltr'>perhibent</span> <span class='ocrx_word' id='word_1_120' title='bbox 422 2049 599 2099; x_wconf 85' lang='lat' dir='ltr'>testimouium</span> <span class='ocrx_word' id='word_1_121' title='bbox 619 2051 728 2114; x_wconf 88' lang='lat' dir='ltr'>scripto·</span> <span class='ocrx_word' id='word_1_122' title='bbox 764 2049 794 2099; x_wconf 75' lang='lat' dir='ltr'>ri</span> <span class='ocrx_word' id='word_1_123' title='bbox 801 2049 907 2112; x_wconf 76' lang='lat' dir='ltr'>germine</span> <span class='ocrx_word' id='word_1_124' title='bbox 923 2048 992 2096; x_wconf 85' lang='lat' dir='ltr'>tueri</span> <span class='ocrx_word' id='word_1_125' title='bbox 1011 2046 1085 2108; x_wconf 83' lang='lat' dir='ltr'>velit,</span> <span class='ocrx_word' id='word_1_126' title='bbox 1097 2044 1136 2093; x_wconf 83' lang='lat' dir='ltr'>itu</span> <span class='ocrx_word' id='word_1_127' title='bbox 1148 2043 1212 2092; x_wconf 87' lang='lat' dir='ltr'>lieet</span> <span class='ocrx_word' id='word_1_128' title='bbox 1223 2042 1300 2091; x_wconf 90' lang='lat' dir='ltr'>iuter·</span> 
     </span>
     <span class='ocr_line' id='line_1_16' title="bbox 195 2115 1298 2190; baseline -0.007 -18"><span class='ocrx_word' id='word_1_129' title='bbox 195 2137 237 2172; x_wconf 85' lang='lat' dir='ltr'>rea</span> <span class='ocrx_word' id='word_1_130' title='bbox 264 2124 339 2174; x_wconf 86' lang='lat' dir='ltr'>varii.</span> <span class='ocrx_word' id='word_1_131' title='bbox 381 2125 456 2174; x_wconf 86' lang='lat' dir='ltr'>Silius</span> <span class='ocrx_word' id='word_1_132' title='bbox 484 2126 604 2189; x_wconf 85' lang='lat' dir='ltr'>Italicus,</span> <span class='ocrx_word' id='word_1_133' title='bbox 631 2127 678 2176; x_wconf 87' lang='lat' dir='ltr'>lib.</span> <span class='ocrx_word' id='word_1_134' title='bbox 700 2140 729 2178; x_wconf 84' lang='lat' dir='ltr'>x.</span> <span class='ocrx_word' id='word_1_135' title='bbox 767 2132 894 2190; x_wconf 87' lang='lat' dir='ltr'>pretetur,</span> <span class='ocrx_word' id='word_1_136' title='bbox 904 2122 1032 2188; x_wconf 91' lang='lat' dir='ltr'>quomodo</span> <span class='ocrx_word' id='word_1_137' title='bbox 1043 2126 1131 2169; x_wconf 86' lang='lat' dir='ltr'>noster</span> <span class='ocrx_word' id='word_1_138' title='bbox 1143 2117 1256 2181; x_wconf 84' lang='lat' dir='ltr'>Epistol.</span> <span class='ocrx_word' id='word_1_139' title='bbox 1267 2115 1298 2165; x_wconf 84' lang='lat' dir='ltr'>ud</span> 
     </span>
     <span class='ocr_line' id='line_1_17' title="bbox 194 2196 1301 2266; baseline -0.005 -18"><span class='ocrx_word' id='word_1_140' title='bbox 194 2198 337 2264; x_wconf 77' lang='lat' dir='ltr'>‘Armiger</span> <span class='ocrx_word' id='word_1_141' title='bbox 357 2201 426 2250; x_wconf 87' lang='lat' dir='ltr'>huud</span> <span class='ocrx_word' id='word_1_142' title='bbox 447 2202 524 2253; x_wconf 87' lang='lat' dir='ltr'>aliter</span> <span class='ocrx_word' id='word_1_143' title='bbox 545 2202 630 2264; x_wconf 89' lang='lat' dir='ltr'>magni</span> <span class='ocrx_word' id='word_1_144' title='bbox 648 2202 731 2266; x_wconf 81' lang='lat' dir='ltr'>doris,</span> <span class='ocrx_word' id='word_1_145' title='bbox 766 2201 889 2250; x_wconf 86' lang='lat' dir='ltr'>Serenam</span> <span class='ocrx_word' id='word_1_146' title='bbox 911 2199 1020 2261; x_wconf 80' lang='lat' dir='ltr'>germina</span> <span class='ocrx_word' id='word_1_147' title='bbox 1039 2196 1150 2245; x_wconf 86' lang='lat' dir='ltr'>uniones</span> <span class='ocrx_word' id='word_1_148' title='bbox 1169 2199 1256 2256; x_wconf 79' lang='lat' dir='ltr'>vocat,</span> <span class='ocrx_word' id='word_1_149' title='bbox 1274 2197 1301 2243; x_wconf 82' lang='lat' dir='ltr'>et</span> 
     </span>
     <span class='ocr_line' id='line_1_18' title="bbox 195 2269 1302 2340; baseline -0.008 -16"><span class='ocrx_word' id='word_1_150' title='bbox 195 2275 274 2324; x_wconf 79' lang='lat' dir='ltr'>auxia</span> <span class='ocrx_word' id='word_1_151' title='bbox 292 2275 354 2325; x_wconf 88' lang='lat' dir='ltr'>nido</span> <span class='ocrx_word' id='word_1_152' title='bbox 373 2277 459 2327; x_wconf 81' lang='lat' dir='ltr'>Quum</span> <span class='ocrx_word' id='word_1_153' title='bbox 476 2276 568 2338; x_wconf 89' lang='lat' dir='ltr'>dignos</span> <span class='ocrx_word' id='word_1_154' title='bbox 580 2277 663 2326; x_wconf 89' lang='lat' dir='ltr'>nutrit</span> <span class='ocrx_word' id='word_1_155' title='bbox 674 2292 730 2340; x_wconf 88' lang='lat' dir='ltr'>gea·</span> <span class='ocrx_word' id='word_1_156' title='bbox 766 2277 813 2326; x_wconf 91' lang='lat' dir='ltr'>lib.</span> <span class='ocrx_word' id='word_1_157' title='bbox 824 2291 842 2326; x_wconf 89' lang='lat'>1.</span> <span class='ocrx_word' id='word_1_158' title='bbox 854 2275 887 2326; x_wconf 86' lang='lat' dir='ltr'>de</span> <span class='ocrx_word' id='word_1_159' title='bbox 907 2277 987 2336; x_wconf 86' lang='lat' dir='ltr'>Rapt.</span> <span class='ocrx_word' id='word_1_160' title='bbox 1005 2285 1118 2321; x_wconf 84' lang='lat' dir='ltr'>cornua:</span> <span class='ocrx_word' id='word_1_161' title='bbox 1134 2269 1214 2319; x_wconf 89' lang='lat' dir='ltr'>‘Neo</span> <span class='ocrx_word' id='word_1_162' title='bbox 1234 2281 1302 2317; x_wconf 86' lang='lat' dir='ltr'>nora</span> 
     </span>
     <span class='ocr_line' id='line_1_19' title="bbox 196 2341 1301 2415; baseline -0.008 -16"><span class='ocrx_word' id='word_1_163' title='bbox 196 2350 276 2399; x_wconf 83' lang='lat' dir='ltr'>tanda</span> <span class='ocrx_word' id='word_1_164' title='bbox 299 2349 332 2398; x_wconf 90' lang='lat' dir='ltr'>ad</span> <span class='ocrx_word' id='word_1_165' title='bbox 352 2349 460 2398; x_wconf 77' lang='lat' dir='ltr'>fulmina</span> <span class='ocrx_word' id='word_1_166' title='bbox 479 2350 566 2415; x_wconf 84' lang='lat' dir='ltr'>foetua,</span> <span class='ocrx_word' id='word_1_167' title='bbox 585 2352 730 2402; x_wconf 82' lang='lat' dir='ltr'>obversam</span> <span class='ocrx_word' id='word_1_168' title='bbox 767 2354 864 2402; x_wconf 79' lang='lat' dir='ltr'>lunulae</span> <span class='ocrx_word' id='word_1_169' title='bbox 894 2349 1014 2400; x_wconf 88' lang='lat' dir='ltr'>curvavit</span> <span class='ocrx_word' id='word_1_170' title='bbox 1050 2345 1167 2408; x_wconf 80' lang='lat' dir='ltr'>germine</span> <span class='ocrx_word' id='word_1_171' title='bbox 1194 2341 1301 2393; x_wconf 70' lang='lat' dir='ltr'>frontis!</span> 
     </span>
     <span class='ocr_line' id='line_1_20' title="bbox 196 2420 1301 2493; baseline -0.005 -22"><span class='ocrx_word' id='word_1_172' title='bbox 196 2430 318 2487; x_wconf 74' lang='lat' dir='ltr'>spectans</span> <span class='ocrx_word' id='word_1_173' title='bbox 330 2438 376 2472; x_wconf 88' lang='lat' dir='ltr'>ora</span> <span class='ocrx_word' id='word_1_174' title='bbox 390 2425 422 2472; x_wconf 90' lang='lat' dir='ltr'>ad</span> <span class='ocrx_word' id='word_1_175' title='bbox 436 2425 611 2475; x_wconf 71' lang='lat' dir='ltr'>Phaethontia</span> <span class='ocrx_word' id='word_1_176' title='bbox 621 2429 731 2491; x_wconf 90' lang='lat' dir='ltr'>prolem,</span> <span class='ocrx_word' id='word_1_177' title='bbox 767 2442 851 2493; x_wconf 84' lang='lat' dir='ltr'>quere</span> <span class='ocrx_word' id='word_1_178' title='bbox 858 2433 887 2476; x_wconf 90' lang='lat' dir='ltr'>et</span> <span class='ocrx_word' id='word_1_179' title='bbox 894 2425 979 2475; x_wconf 80' lang='lat' dir='ltr'>forsan</span> <span class='ocrx_word' id='word_1_180' title='bbox 989 2421 1182 2484; x_wconf 84' lang='lat' dir='ltr'>corrigendum,</span> <span class='ocrx_word' id='word_1_181' title='bbox 1193 2421 1201 2448; x_wconf 88' lang='lat'>‘</span> <span class='ocrx_word' id='word_1_182' title='bbox 1215 2420 1301 2468; x_wconf 85' lang='lat' dir='ltr'>exelu-</span> 
     </span>
     <span class='ocr_line' id='line_1_21' title="bbox 198 2497 1301 2568; baseline -0.005 -19"><span class='ocrx_word' id='word_1_183' title='bbox 198 2499 326 2562; x_wconf 82' lang='lat' dir='ltr'>Explorat</span> <span class='ocrx_word' id='word_1_184' title='bbox 349 2499 441 2548; x_wconf 86' lang='lat' dir='ltr'>dubios</span> <span class='ocrx_word' id='word_1_185' title='bbox 468 2501 592 2551; x_wconf 83' lang='lat' dir='ltr'>Pboebaeu</span> <span class='ocrx_word' id='word_1_186' title='bbox 611 2502 730 2565; x_wconf 86' lang='lat' dir='ltr'>lampade</span> <span class='ocrx_word' id='word_1_187' title='bbox 768 2520 796 2554; x_wconf 93' lang='lat' dir='ltr'>so</span> <span class='ocrx_word' id='word_1_188' title='bbox 807 2502 939 2568; x_wconf 72' lang='lat' dir='ltr'>germine!</span> <span class='ocrx_word' id='word_1_189' title='bbox 955 2499 1023 2566; x_wconf 85' lang='lat' dir='ltr'>quod</span> <span class='ocrx_word' id='word_1_190' title='bbox 1033 2498 1167 2563; x_wconf 88' lang='lat' dir='ltr'>proprium</span> <span class='ocrx_word' id='word_1_191' title='bbox 1176 2497 1225 2546; x_wconf 80' lang='lat' dir='ltr'>liae</span> <span class='ocrx_word' id='word_1_192' title='bbox 1236 2498 1263 2545; x_wconf 90' lang='lat' dir='ltr'>iu</span> <span class='ocrx_word' id='word_1_193' title='bbox 1274 2510 1301 2544; x_wconf 87' lang='lat' dir='ltr'>re</span> 
     </span>
     <span class='ocr_line' id='line_1_22' title="bbox 197 2573 1037 2642; baseline 0 -19"><span class='ocrx_word' id='word_1_194' title='bbox 197 2573 289 2624; x_wconf 72' lang='lat' dir='ltr'>natos!</span> <span class='ocrx_word' id='word_1_195' title='bbox 322 2574 366 2624; x_wconf 87' lang='lat' dir='ltr'>Sic</span> <span class='ocrx_word' id='word_1_196' title='bbox 384 2576 480 2625; x_wconf 85' lang='lat' dir='ltr'>Lucan.</span> <span class='ocrx_word' id='word_1_197' title='bbox 500 2577 602 2627; x_wconf 86' lang='lat' dir='ltr'>lib.1x.</span> <span class='ocrx_word' id='word_1_198' title='bbox 623 2579 730 2642; x_wconf 87' lang='lat' dir='ltr'>‘thue</span> <span class='ocrx_word' id='word_1_199' title='bbox 768 2581 884 2629; x_wconf 86' lang='lat' dir='ltr'>verbum.</span> <span class='ocrx_word' id='word_1_200' title='bbox 901 2579 937 2628; x_wconf 86' lang='lat' dir='ltr'>D.</span> <span class='ocrx_word' id='word_1_201' title='bbox 952 2575 1037 2626; x_wconf 82' lang='lat' dir='ltr'>Heius.</span> 
     </span>
    </p>

    <p class='ocr_par' dir='ltr' id='par_1_7' title="bbox 195 2644 1303 3013">
     <span class='ocr_line' id='line_1_23' title="bbox 197 2644 1303 2716; baseline -0.005 -17"><span class='ocrx_word' id='word_1_202' title='bbox 197 2648 272 2699; x_wconf 83' lang='lat' dir='ltr'>Jovis</span> <span class='ocrx_word' id='word_1_203' title='bbox 284 2650 390 2699; x_wconf 84' lang='lat' dir='ltr'>volucer</span> <span class='ocrx_word' id='word_1_204' title='bbox 400 2650 484 2699; x_wconf 86' lang='lat' dir='ltr'>calido</span> <span class='ocrx_word' id='word_1_205' title='bbox 493 2666 551 2701; x_wconf 87' lang='lat' dir='ltr'>cum</span> <span class='ocrx_word' id='word_1_206' title='bbox 562 2653 672 2715; x_wconf 85' lang='lat' dir='ltr'>protulit</span> <span class='ocrx_word' id='word_1_207' title='bbox 682 2668 731 2702; x_wconf 89' lang='lat' dir='ltr'>ovo</span> <span class='ocrx_word' id='word_1_208' title='bbox 803 2657 864 2703; x_wconf 83' lang='lat' dir='ltr'>Cum</span> <span class='ocrx_word' id='word_1_209' title='bbox 872 2650 992 2716; x_wconf 77' lang='lat' dir='ltr'>germine]</span> <span class='ocrx_word' id='word_1_210' title='bbox 1007 2649 1101 2699; x_wconf 86' lang='lat' dir='ltr'>Statim</span> <span class='ocrx_word' id='word_1_211' title='bbox 1115 2654 1145 2696; x_wconf 90' lang='lat' dir='ltr'>ut</span> <span class='ocrx_word' id='word_1_212' title='bbox 1164 2644 1303 2710; x_wconf 88' lang='lat' dir='ltr'>prodeunt,</span> 
     </span>
     <span class='ocr_line' id='line_1_24' title="bbox 198 2721 1301 2794; baseline -0.003 -22"><span class='ocrx_word' id='word_1_213' title='bbox 198 2723 340 2788; x_wconf 87' lang='lat' dir='ltr'>Implumes</span> <span class='ocrx_word' id='word_1_214' title='bbox 363 2731 447 2788; x_wconf 85' lang='lat' dir='ltr'>natos,</span> <span class='ocrx_word' id='word_1_215' title='bbox 469 2727 529 2775; x_wconf 87' lang='lat' dir='ltr'>solis</span> <span class='ocrx_word' id='word_1_216' title='bbox 550 2729 681 2777; x_wconf 85' lang='lat' dir='ltr'>convertit</span> <span class='ocrx_word' id='word_1_217' title='bbox 697 2729 730 2777; x_wconf 90' lang='lat' dir='ltr'>ad</span> <span class='ocrx_word' id='word_1_218' title='bbox 769 2745 818 2780; x_wconf 87' lang='lat' dir='ltr'>ovo</span> <span class='ocrx_word' id='word_1_219' title='bbox 830 2735 915 2794; x_wconf 88' lang='lat' dir='ltr'>rupto.</span> <span class='ocrx_word' id='word_1_220' title='bbox 933 2729 1063 2786; x_wconf 84' lang='lat' dir='ltr'>Lucanus,</span> <span class='ocrx_word' id='word_1_221' title='bbox 1085 2724 1129 2773; x_wconf 91' lang='lat' dir='ltr'>lib.</span> <span class='ocrx_word' id='word_1_222' title='bbox 1150 2736 1192 2771; x_wconf 81' lang='lat' dir='ltr'>ix.</span> <span class='ocrx_word' id='word_1_223' title='bbox 1209 2721 1301 2772; x_wconf 83' lang='lat' dir='ltr'>‘Jovis</span> 
     </span>
     <span class='ocr_line' id='line_1_25' title="bbox 195 2798 1302 2868; baseline -0.004 -18"><span class='ocrx_word' id='word_1_224' title='bbox 195 2806 287 2850; x_wconf 64' lang='lat' dir='ltr'>arturi</span> <span class='ocrx_word' id='word_1_225' title='bbox 300 2802 352 2853; x_wconf 81' lang='lat' dir='ltr'>Qui</span> <span class='ocrx_word' id='word_1_226' title='bbox 364 2809 473 2865; x_wconf 88' lang='lat' dir='ltr'>potuere</span> <span class='ocrx_word' id='word_1_227' title='bbox 486 2802 542 2864; x_wconf 88' lang='lat' dir='ltr'>pati</span> <span class='ocrx_word' id='word_1_228' title='bbox 551 2802 647 2865; x_wconf 83' lang='lat' dir='ltr'>radios,</span> <span class='ocrx_word' id='word_1_229' title='bbox 656 2811 683 2852; x_wconf 86' lang='lat' dir='ltr'>et</span> <span class='ocrx_word' id='word_1_230' title='bbox 693 2804 732 2852; x_wconf 90' lang='lat' dir='ltr'>lu·</span> <span class='ocrx_word' id='word_1_231' title='bbox 769 2807 883 2868; x_wconf 83' lang='lat' dir='ltr'>volucer,</span> <span class='ocrx_word' id='word_1_232' title='bbox 893 2803 976 2853; x_wconf 90' lang='lat' dir='ltr'>calido</span> <span class='ocrx_word' id='word_1_233' title='bbox 988 2816 1046 2851; x_wconf 88' lang='lat' dir='ltr'>eum</span> <span class='ocrx_word' id='word_1_234' title='bbox 1061 2800 1171 2864; x_wconf 85' lang='lat' dir='ltr'>protulit</span> <span class='ocrx_word' id='word_1_235' title='bbox 1183 2812 1233 2848; x_wconf 84' lang='lat' dir='ltr'>ovo</span> <span class='ocrx_word' id='word_1_236' title='bbox 1251 2798 1302 2847; x_wconf 90' lang='lat' dir='ltr'>Im·</span> 
     </span>
     <span class='ocr_line' id='line_1_26' title="bbox 198 2874 1301 2944; baseline -0.003 -19"><span class='ocrx_word' id='word_1_237' title='bbox 198 2875 268 2926; x_wconf 80' lang='lat' dir='ltr'>mine</span> <span class='ocrx_word' id='word_1_238' title='bbox 292 2884 365 2926; x_wconf 85' lang='lat' dir='ltr'>recto</span> <span class='ocrx_word' id='word_1_239' title='bbox 392 2876 545 2926; x_wconf 82' lang='lat' dir='ltr'>Sustinuere</span> <span class='ocrx_word' id='word_1_240' title='bbox 574 2877 652 2939; x_wconf 89' lang='lat' dir='ltr'>diem,</span> <span class='ocrx_word' id='word_1_241' title='bbox 673 2879 731 2928; x_wconf 87' lang='lat' dir='ltr'>coeli</span> <span class='ocrx_word' id='word_1_242' title='bbox 769 2882 870 2944; x_wconf 87' lang='lat' dir='ltr'>plumes</span> <span class='ocrx_word' id='word_1_243' title='bbox 881 2888 965 2939; x_wconf 82' lang='lat' dir='ltr'>nutes,</span> <span class='ocrx_word' id='word_1_244' title='bbox 976 2877 1070 2926; x_wconf 83' lang='lat' dir='ltr'>Phoebi</span> <span class='ocrx_word' id='word_1_245' title='bbox 1079 2876 1211 2926; x_wconf 81' lang='lat' dir='ltr'>convertit</span> <span class='ocrx_word' id='word_1_246' title='bbox 1220 2874 1253 2923; x_wconf 86' lang='lat' dir='ltr'>ad</span> <span class='ocrx_word' id='word_1_247' title='bbox 1263 2888 1301 2923; x_wconf 89' lang='lat' dir='ltr'>or·</span> 
     </span>
     <span class='ocr_line' id='line_1_27' title="bbox 199 2954 941 3013; baseline 0.003 -11"><span class='ocrx_word' id='word_1_248' title='bbox 199 2961 338 3004; x_wconf 82' lang='lat' dir='ltr'>serrantur</span> <span class='ocrx_word' id='word_1_249' title='bbox 357 2955 382 3002; x_wconf 90' lang='lat' dir='ltr'>in</span> <span class='ocrx_word' id='word_1_250' title='bbox 401 2969 471 3013; x_wconf 90' lang='lat' dir='ltr'>usus,</span> <span class='ocrx_word' id='word_1_251' title='bbox 487 2954 539 3006; x_wconf 85' lang='lat' dir='ltr'>Qui</span> <span class='ocrx_word' id='word_1_252' title='bbox 557 2955 657 3005; x_wconf 86' lang='lat' dir='ltr'>Pboebo</span> <span class='ocrx_word' id='word_1_253' title='bbox 678 2971 732 3006; x_wconf 87' lang='lat' dir='ltr'>ces·</span> <span class='ocrx_word' id='word_1_254' title='bbox 769 2956 828 3006; x_wconf 69' lang='lat' dir='ltr'>tus!</span> <span class='ocrx_word' id='word_1_255' title='bbox 853 2956 941 3005; x_wconf 81' lang='lat' dir='ltr'>Burilr.</span> 
     </span>
    </p>

    <p class='ocr_par' dir='ltr' id='par_1_8' title="bbox 195 3025 1304 3323">
     <span class='ocr_line' id='line_1_28' title="bbox 199 3025 1301 3096; baseline -0.005 -18"><span class='ocrx_word' id='word_1_256' title='bbox 199 3042 259 3078; x_wconf 85' lang='lat' dir='ltr'>sere</span> <span class='ocrx_word' id='word_1_257' title='bbox 274 3029 385 3094; x_wconf 83' lang='lat' dir='ltr'>jacent.&#39;</span> <span class='ocrx_word' id='word_1_258' title='bbox 417 3030 608 3093; x_wconf 82' lang='lat' dir='ltr'>Perspicaeiam</span> <span class='ocrx_word' id='word_1_259' title='bbox 631 3031 732 3096; x_wconf 80' lang='lat' dir='ltr'>Aquilre</span> <span class='ocrx_word' id='word_1_260' title='bbox 793 3030 921 3094; x_wconf 76' lang='lat' dir='ltr'>4Hiuleu]</span> <span class='ocrx_word' id='word_1_261' title='bbox 929 3029 1097 3092; x_wconf 77' lang='lat' dir='ltr'>semiaperto,</span> <span class='ocrx_word' id='word_1_262' title='bbox 1105 3027 1195 3077; x_wconf 81' lang='lat' dir='ltr'>scissa.</span> <span class='ocrx_word' id='word_1_263' title='bbox 1207 3025 1301 3075; x_wconf 83' lang='lat' dir='ltr'>Catuli.</span> 
     </span>
     <span class='ocr_line' id='line_1_29' title="bbox 199 3102 1303 3169; baseline -0.005 -15"><span class='ocrx_word' id='word_1_264' title='bbox 199 3106 355 3167; x_wconf 75' lang='lat' dir='ltr'>singularem</span> <span class='ocrx_word' id='word_1_265' title='bbox 375 3105 509 3155; x_wconf 85' lang='lat' dir='ltr'>celebrant</span> <span class='ocrx_word' id='word_1_266' title='bbox 527 3105 653 3169; x_wconf 80' lang='lat' dir='ltr'>Apuleius</span> <span class='ocrx_word' id='word_1_267' title='bbox 675 3109 732 3158; x_wconf 87' lang='lat' dir='ltr'>Flo·</span> <span class='ocrx_word' id='word_1_268' title='bbox 769 3109 870 3158; x_wconf 88' lang='lat' dir='ltr'>‘Dulce</span> <span class='ocrx_word' id='word_1_269' title='bbox 889 3107 983 3157; x_wconf 82' lang='lat' dir='ltr'>viatori</span> <span class='ocrx_word' id='word_1_270' title='bbox 1000 3107 1068 3154; x_wconf 90' lang='lat' dir='ltr'>lasso</span> <span class='ocrx_word' id='word_1_271' title='bbox 1084 3104 1112 3152; x_wconf 92' lang='lat' dir='ltr'>in</span> <span class='ocrx_word' id='word_1_272' title='bbox 1129 3102 1224 3152; x_wconf 87' lang='lat' dir='ltr'>sudore</span> <span class='ocrx_word' id='word_1_273' title='bbox 1236 3102 1303 3150; x_wconf 82' lang='lat' dir='ltr'>leva-</span> 
     </span>
     <span class='ocr_line' id='line_1_30' title="bbox 200 3177 1304 3250; baseline -0.005 -19"><span class='ocrx_word' id='word_1_274' title='bbox 200 3182 273 3243; x_wconf 86' lang='lat' dir='ltr'>ridis‚</span> <span class='ocrx_word' id='word_1_275' title='bbox 284 3183 404 3246; x_wconf 77' lang='lat' dir='ltr'>Hyginus</span> <span class='ocrx_word' id='word_1_276' title='bbox 415 3183 526 3232; x_wconf 75' lang='lat' dir='ltr'>Politieo</span> <span class='ocrx_word' id='word_1_277' title='bbox 537 3183 731 3250; x_wconf 84' lang='lat' dir='ltr'>Astrouomico,</span> <span class='ocrx_word' id='word_1_278' title='bbox 770 3200 839 3246; x_wconf 86' lang='lat' dir='ltr'>men,</span> <span class='ocrx_word' id='word_1_279' title='bbox 858 3185 922 3233; x_wconf 83' lang='lat' dir='ltr'>Cum</span> <span class='ocrx_word' id='word_1_280' title='bbox 935 3183 1019 3246; x_wconf 87' lang='lat' dir='ltr'>gravis</span> <span class='ocrx_word' id='word_1_281' title='bbox 1031 3187 1134 3230; x_wconf 86' lang='lat' dir='ltr'>exustos</span> <span class='ocrx_word' id='word_1_282' title='bbox 1146 3186 1229 3230; x_wconf 83' lang='lat' dir='ltr'>aestus</span> <span class='ocrx_word' id='word_1_283' title='bbox 1240 3177 1304 3226; x_wconf 89' lang='lat' dir='ltr'>hiul-</span> 
     </span>
     <span class='ocr_line' id='line_1_31' title="bbox 195 3255 1009 3323; baseline 0 -18"><span class='ocrx_word' id='word_1_284' title='bbox 195 3256 245 3305; x_wconf 50' lang='lat' dir='ltr'>&#39;elii</span> <span class='ocrx_word' id='word_1_285' title='bbox 254 3255 356 3305; x_wconf 87' lang='lat' dir='ltr'>infiniti.</span> <span class='ocrx_word' id='word_1_286' title='bbox 768 3267 813 3310; x_wconf 85' lang='lat' dir='ltr'>cat</span> <span class='ocrx_word' id='word_1_287' title='bbox 821 3258 916 3323; x_wconf 61' lang='lat' dir='ltr'>agros?</span> <span class='ocrx_word' id='word_1_288' title='bbox 933 3259 1009 3306; x_wconf 87' lang='lat' dir='ltr'>Idem.</span> 
     </span>
    </p>

    <p class='ocr_par' dir='ltr' id='par_1_9' title="bbox 201 3329 1303 3611">
     <span class='ocr_line' id='line_1_32' title="bbox 234 3329 1303 3397; baseline -0.001 -19"><span class='ocrx_word' id='word_1_289' title='bbox 234 3331 351 3393; x_wconf 77' lang='lat' dir='ltr'>Edueere]</span> <span class='ocrx_word' id='word_1_290' title='bbox 368 3331 496 3383; x_wconf 88' lang='lat' dir='ltr'>Educare.</span> <span class='ocrx_word' id='word_1_291' title='bbox 525 3334 568 3386; x_wconf 83' lang='lat' dir='ltr'>Sic</span> <span class='ocrx_word' id='word_1_292' title='bbox 585 3351 637 3385; x_wconf 91' lang='lat' dir='ltr'>non</span> <span class='ocrx_word' id='word_1_293' title='bbox 652 3339 731 3388; x_wconf 86' lang='lat' dir='ltr'>semel</span> <span class='ocrx_word' id='word_1_294' title='bbox 802 3335 962 3397; x_wconf 69' lang='lat' dir='ltr'>filmplsmee</span> <span class='ocrx_word' id='word_1_295' title='bbox 977 3331 1093 3380; x_wconf 77' lang='lat' dir='ltr'>conuertit</span> <span class='ocrx_word' id='word_1_296' title='bbox 1110 3331 1141 3378; x_wconf 86' lang='lat' dir='ltr'>ud</span> <span class='ocrx_word' id='word_1_297' title='bbox 1157 3331 1250 3379; x_wconf 80' lang='lat' dir='ltr'>‹etberu</span> <span class='ocrx_word' id='word_1_298' title='bbox 1267 3329 1303 3378; x_wconf 78' lang='lat' dir='ltr'>si·</span> 
     </span>
     <span class='ocr_line' id='line_1_33' title="bbox 201 3405 1302 3475; baseline -0.006 -17"><span class='ocrx_word' id='word_1_299' title='bbox 201 3407 305 3458; x_wconf 85' lang='lat' dir='ltr'>Cicero.</span> <span class='ocrx_word' id='word_1_300' title='bbox 322 3409 458 3457; x_wconf 84' lang='lat' dir='ltr'>Terentius</span> <span class='ocrx_word' id='word_1_301' title='bbox 469 3408 609 3475; x_wconf 80' lang='lat' dir='ltr'>Adelphis:</span> <span class='ocrx_word' id='word_1_302' title='bbox 629 3413 731 3464; x_wconf 84' lang='lat' dir='ltr'>‘Eduxi</span> <span class='ocrx_word' id='word_1_303' title='bbox 768 3411 822 3474; x_wconf 86' lang='lat' dir='ltr'>doe]</span> <span class='ocrx_word' id='word_1_304' title='bbox 839 3412 898 3459; x_wconf 91' lang='lat' dir='ltr'>Duo</span> <span class='ocrx_word' id='word_1_305' title='bbox 919 3409 979 3457; x_wconf 91' lang='lat' dir='ltr'>libri</span> <span class='ocrx_word' id='word_1_306' title='bbox 999 3413 1075 3469; x_wconf 81' lang='lat' dir='ltr'>natue,</span> <span class='ocrx_word' id='word_1_307' title='bbox 1094 3405 1165 3470; x_wconf 90' lang='lat' dir='ltr'>quod</span> <span class='ocrx_word' id='word_1_308' title='bbox 1185 3405 1302 3456; x_wconf 88' lang='lat' dir='ltr'>Claverio</span> 
     </span>
     <span class='ocr_line' id='line_1_34' title="bbox 201 3482 1303 3552; baseline -0.002 -21"><span class='ocrx_word' id='word_1_309' title='bbox 201 3483 352 3547; x_wconf 73' lang='lat' dir='ltr'>spurium,</span> <span class='ocrx_word' id='word_1_310' title='bbox 377 3483 464 3547; x_wconf 85' lang='lat' dir='ltr'>habui,</span> <span class='ocrx_word' id='word_1_311' title='bbox 483 3487 564 3535; x_wconf 77' lang='lat' dir='ltr'>amari</span> <span class='ocrx_word' id='word_1_312' title='bbox 586 3502 636 3552; x_wconf 89' lang='lat' dir='ltr'>pro</span> <span class='ocrx_word' id='word_1_313' title='bbox 656 3487 732 3538; x_wconf 67' lang='lat' dir='ltr'>meo!</span> <span class='ocrx_word' id='word_1_314' title='bbox 770 3482 1303 3552; x_wconf 75' lang='lat' dir='ltr'>probatum:totidempalloemibilmuta.</span> 
     </span>
     <span class='ocr_line' id='line_1_35' title="bbox 201 3557 1302 3611; baseline -0.003 -5"><span class='ocrx_word' id='word_1_315' title='bbox 201 3557 292 3606; x_wconf 74' lang='lat' dir='ltr'>Baetis.</span> <span class='ocrx_word' id='word_1_316' title='bbox 770 3561 887 3611; x_wconf 81' lang='lat' dir='ltr'>Avienus</span> <span class='ocrx_word' id='word_1_317' title='bbox 899 3560 1018 3609; x_wconf 86' lang='lat' dir='ltr'>similiter</span> <span class='ocrx_word' id='word_1_318' title='bbox 1029 3558 1091 3606; x_wconf 87' lang='lat' dir='ltr'>Fab.</span> <span class='ocrx_word' id='word_1_319' title='bbox 1105 3568 1155 3604; x_wconf 82' lang='lat' dir='ltr'>xx.</span> <span class='ocrx_word' id='word_1_320' title='bbox 1178 3557 1243 3606; x_wconf 85' lang='lat' dir='ltr'>‘Sed</span> <span class='ocrx_word' id='word_1_321' title='bbox 1255 3571 1302 3605; x_wconf 82' lang='lat' dir='ltr'>vox</span> 
     </span>
    </p>

    <p class='ocr_par' dir='ltr' id='par_1_10' title="bbox 233 3632 1304 3701">
     <span class='ocr_line' id='line_1_36' title="bbox 233 3632 1304 3701; baseline -0.002 -18"><span class='ocrx_word' id='word_1_322' title='bbox 233 3639 248 3683; x_wconf 77' lang='lat'>2</span> <span class='ocrx_word' id='word_1_323' title='bbox 270 3633 363 3695; x_wconf 81' lang='lat' dir='ltr'>Fidem]</span> <span class='ocrx_word' id='word_1_324' title='bbox 380 3633 411 3682; x_wconf 88' lang='lat' dir='ltr'>Io</span> <span class='ocrx_word' id='word_1_325' title='bbox 424 3648 452 3683; x_wconf 87' lang='lat' dir='ltr'>re</span> <span class='ocrx_word' id='word_1_326' title='bbox 464 3635 584 3687; x_wconf 90' lang='lat' dir='ltr'>inanima.</span> <span class='ocrx_word' id='word_1_327' title='bbox 601 3639 676 3688; x_wconf 84' lang='lat' dir='ltr'>Idem.</span> <span class='ocrx_word' id='word_1_328' title='bbox 769 3637 896 3701; x_wconf 86' lang='lat' dir='ltr'>inplumes</span> <span class='ocrx_word' id='word_1_329' title='bbox 908 3635 1023 3685; x_wconf 82' lang='lat' dir='ltr'>turbavit</span> <span class='ocrx_word' id='word_1_330' title='bbox 1034 3633 1141 3681; x_wconf 85' lang='lat' dir='ltr'>credula</span> <span class='ocrx_word' id='word_1_331' title='bbox 1149 3632 1243 3681; x_wconf 74' lang='lat' dir='ltr'>nidos!</span> <span class='ocrx_word' id='word_1_332' title='bbox 1260 3633 1304 3681; x_wconf 76' lang='grc' dir='ltr'>Νἰ·</span> 
     </span>
    </p>

    <p class='ocr_par' dir='ltr' id='par_1_11' title="bbox 202 3706 1332 3915">
     <span class='ocr_line' id='line_1_37' title="bbox 234 3706 1303 3777; baseline -0.005 -17"><span class='ocrx_word' id='word_1_333' title='bbox 234 3712 374 3760; x_wconf 76' lang='lat' dir='ltr'>SExeasso</span> <span class='ocrx_word' id='word_1_334' title='bbox 395 3710 472 3772; x_wconf 79' lang='lat' dir='ltr'>saliit]</span> <span class='ocrx_word' id='word_1_335' title='bbox 507 3713 567 3761; x_wconf 89' lang='lat' dir='ltr'>Non</span> <span class='ocrx_word' id='word_1_336' title='bbox 593 3714 661 3762; x_wconf 90' lang='lat' dir='ltr'>enim</span> <span class='ocrx_word' id='word_1_337' title='bbox 684 3728 733 3763; x_wconf 88' lang='lat' dir='ltr'>usu</span> <span class='ocrx_word' id='word_1_338' title='bbox 770 3716 812 3763; x_wconf 86' lang='lat' dir='ltr'>doe</span> <span class='ocrx_word' id='word_1_339' title='bbox 831 3728 879 3777; x_wconf 91' lang='lat' dir='ltr'>pro</span> <span class='ocrx_word' id='word_1_340' title='bbox 896 3712 969 3776; x_wconf 78' lang='lat' dir='ltr'>pullis</span> <span class='ocrx_word' id='word_1_341' title='bbox 992 3710 1071 3758; x_wconf 89' lang='lat' dir='ltr'>etiam</span> <span class='ocrx_word' id='word_1_342' title='bbox 1094 3707 1222 3768; x_wconf 83' lang='lat' dir='ltr'>Virgilius</span> <span class='ocrx_word' id='word_1_343' title='bbox 1239 3706 1303 3756; x_wconf 82' lang='lat' dir='ltr'>dixit</span> 
     </span>
     <span class='ocr_line' id='line_1_38' title="bbox 202 3781 1303 3853; baseline -0.004 -18"><span class='ocrx_word' id='word_1_344' title='bbox 202 3794 248 3836; x_wconf 86' lang='lat' dir='ltr'>eut</span> <span class='ocrx_word' id='word_1_345' title='bbox 269 3794 387 3849; x_wconf 88' lang='lat' dir='ltr'>tempore</span> <span class='ocrx_word' id='word_1_346' title='bbox 412 3800 475 3848; x_wconf 87' lang='lat' dir='ltr'>opus</span> <span class='ocrx_word' id='word_1_347' title='bbox 496 3787 576 3837; x_wconf 89' lang='lat' dir='ltr'>babet</span> <span class='ocrx_word' id='word_1_348' title='bbox 602 3793 631 3837; x_wconf 89' lang='lat' dir='ltr'>ut</span> <span class='ocrx_word' id='word_1_349' title='bbox 656 3789 732 3839; x_wconf 87' lang='lat' dir='ltr'>salire</span> <span class='ocrx_word' id='word_1_350' title='bbox 771 3792 869 3853; x_wconf 86' lang='lat' dir='ltr'>Georg.</span> <span class='ocrx_word' id='word_1_351' title='bbox 892 3789 936 3838; x_wconf 91' lang='lat' dir='ltr'>lib.</span> <span class='ocrx_word' id='word_1_352' title='bbox 956 3801 995 3837; x_wconf 84' lang='grc' dir='ltr'>ιν.</span> <span class='ocrx_word' id='word_1_353' title='bbox 1010 3786 1017 3813; x_wconf 88' lang='lat'>‘</span> <span class='ocrx_word' id='word_1_354' title='bbox 1031 3785 1084 3834; x_wconf 88' lang='lat' dir='ltr'>Ore</span> <span class='ocrx_word' id='word_1_355' title='bbox 1102 3781 1193 3831; x_wconf 88' lang='lat' dir='ltr'>ferunt</span> <span class='ocrx_word' id='word_1_356' title='bbox 1205 3783 1303 3832; x_wconf 85' lang='lat' dir='ltr'>dulcem</span> 
     </span>
     <span class='ocr_line' id='line_1_39' title="bbox 203 3859 1332 3915; baseline -0.004 -4"><span class='ocrx_word' id='word_1_357' title='bbox 203 3862 296 3911; x_wconf 82' lang='lat' dir='ltr'>diseat.</span> <span class='ocrx_word' id='word_1_358' title='bbox 378 3897 381 3901; x_wconf 62' lang='grc'><strong><em>«</em></strong></span> <span class='ocrx_word' id='word_1_359' title='bbox 661 3877 663 3885; x_wconf 73' lang='grc'>’</span> <span class='ocrx_word' id='word_1_360' title='bbox 770 3866 838 3915; x_wconf 87' lang='lat' dir='ltr'>nidis</span> <span class='ocrx_word' id='word_1_361' title='bbox 859 3863 1001 3914; x_wconf 89' lang='lat' dir='ltr'>immitibus</span> <span class='ocrx_word' id='word_1_362' title='bbox 1020 3862 1123 3908; x_wconf 68' lang='lat' dir='ltr'>escum!</span> <span class='ocrx_word' id='word_1_363' title='bbox 1140 3859 1304 3907; x_wconf 79' lang='lat' dir='ltr'>etAEn.111·</span> <span class='ocrx_word' id='word_1_364' title='bbox 1330 3910 1332 3914; x_wconf 72' lang='lat'>‚</span> 
     </span>
    </p>

    <p class='ocr_par' dir='ltr' id='par_1_12' title="bbox 204 3934 1304 4155">
     <span class='ocr_line' id='line_1_40' title="bbox 236 3934 1303 4002; baseline -0.004 -17"><span class='ocrx_word' id='word_1_365' title='bbox 236 3938 342 3985; x_wconf 80' lang='lat' dir='ltr'>Excusso</span> <span class='ocrx_word' id='word_1_366' title='bbox 359 3937 425 3984; x_wconf 83' lang='lat' dir='ltr'>saliit</span> <span class='ocrx_word' id='word_1_367' title='bbox 446 3950 498 3983; x_wconf 83' lang='lat' dir='ltr'>euru</span> <span class='ocrx_word' id='word_1_368' title='bbox 517 3937 624 3997; x_wconf 79' lang='lat' dir='ltr'>germine</span> <span class='ocrx_word' id='word_1_369' title='bbox 642 3939 731 4002; x_wconf 86' lang='lat' dir='ltr'>proies]</span> <span class='ocrx_word' id='word_1_370' title='bbox 771 3942 843 3991; x_wconf 83' lang='lat' dir='ltr'>‘altu</span> <span class='ocrx_word' id='word_1_371' title='bbox 863 3941 930 3989; x_wconf 86' lang='lat' dir='ltr'>atria</span> <span class='ocrx_word' id='word_1_372' title='bbox 955 3940 1049 3987; x_wconf 87' lang='lat' dir='ltr'>lustrat</span> <span class='ocrx_word' id='word_1_373' title='bbox 1070 3935 1192 3995; x_wconf 83' lang='lat' dir='ltr'>hirundo,</span> <span class='ocrx_word' id='word_1_374' title='bbox 1208 3934 1303 3983; x_wconf 85' lang='lat' dir='ltr'>Pabuls</span> 
     </span>
     <span class='ocr_line' id='line_1_41' title="bbox 206 4010 1304 4083; baseline -0.003 -23"><span class='ocrx_word' id='word_1_375' title='bbox 206 4011 316 4072; x_wconf 76' lang='lat' dir='ltr'>Tegmine</span> <span class='ocrx_word' id='word_1_376' title='bbox 326 4010 477 4060; x_wconf 83' lang='lat' dir='ltr'>emendaret</span> <span class='ocrx_word' id='word_1_377' title='bbox 488 4010 514 4059; x_wconf 90' lang='lat' dir='ltr'>iu</span> <span class='ocrx_word' id='word_1_378' title='bbox 526 4026 571 4060; x_wconf 84' lang='lat' dir='ltr'>ora</span> <span class='ocrx_word' id='word_1_379' title='bbox 583 4012 681 4063; x_wconf 84' lang='lat' dir='ltr'>codicis</span> <span class='ocrx_word' id='word_1_380' title='bbox 693 4016 732 4064; x_wconf 86' lang='lat' dir='ltr'>sui</span> <span class='ocrx_word' id='word_1_381' title='bbox 771 4033 851 4083; x_wconf 85' lang='lat' dir='ltr'>parva</span> <span class='ocrx_word' id='word_1_382' title='bbox 868 4019 958 4080; x_wconf 89' lang='lat' dir='ltr'>legens</span> <span class='ocrx_word' id='word_1_383' title='bbox 970 4013 1089 4076; x_wconf 86' lang='lat' dir='ltr'>nidisque</span> <span class='ocrx_word' id='word_1_384' title='bbox 1106 4010 1260 4075; x_wconf 74' lang='lat' dir='ltr'>loquacibus</span> <span class='ocrx_word' id='word_1_385' title='bbox 1269 4023 1304 4070; x_wconf 60' lang='lat' dir='ltr'>ee</span> 
     </span>
     <span class='ocr_line' id='line_1_42' title="bbox 204 4083 1302 4155; baseline -0.002 -21"><span class='ocrx_word' id='word_1_386' title='bbox 204 4083 352 4146; x_wconf 71' lang='lat' dir='ltr'>decepisses</span> <span class='ocrx_word' id='word_1_387' title='bbox 370 4086 502 4150; x_wconf 75' lang='lat' dir='ltr'>Scaliger:</span> <span class='ocrx_word' id='word_1_388' title='bbox 522 4087 592 4152; x_wconf 92' lang='lat' dir='ltr'>quod</span> <span class='ocrx_word' id='word_1_389' title='bbox 612 4089 732 4155; x_wconf 78' lang='lat' dir='ltr'>Gyraldi·</span> <span class='ocrx_word' id='word_1_390' title='bbox 771 4092 830 4144; x_wconf 63' lang='lat' dir='ltr'>aas?</span> <span class='ocrx_word' id='word_1_391' title='bbox 864 4094 900 4142; x_wconf 82' lang='lat' dir='ltr'>Et</span> <span class='ocrx_word' id='word_1_392' title='bbox 924 4086 1081 4149; x_wconf 73' lang='lat' dir='ltr'>Dracontius</span> <span class='ocrx_word' id='word_1_393' title='bbox 1103 4085 1149 4134; x_wconf 89' lang='lat' dir='ltr'>illa</span> <span class='ocrx_word' id='word_1_394' title='bbox 1167 4085 1302 4136; x_wconf 85' lang='lat' dir='ltr'>imitatus:</span> 
     </span>
    </p>
   </div>
   <div class='ocr_carea' id='block_1_5' title="bbox 0 0 1373 4702">
    <p class='ocr_par' dir='ltr' id='par_1_13' title="bbox 0 0 1373 4702">
     <span class='ocr_line' id='line_1_43' title="bbox 0 0 1373 4702; baseline 0 0"><span class='ocrx_word' id='word_1_395' title='bbox 0 0 1373 4702; x_wconf 95' lang='lat' dir='ltr'> </span> 
     </span>
    </p>
   </div>
  </div>
 </body>
</html>
