2700 4702
209 300 295 368 1012
497 317 584 371 ,ou
609 316 823 366 cusuursur
853 319 995 370 xxxvl.

209 458 277 522 Oro
291 462 429 542 preces?
453 460 538 524 Ruit
553 462 611 525 illa
626 467 734 524 tamen
749 463 878 527 confisa
891 483 1041 528 sororum

207 560 395 625 Praesidio:
418 562 554 626 famulae
569 564 669 643 longo
683 569 760 644 post
776 565 891 627 ordine
909 564 1091 647 Nymphae.
1248 568 1315 632 230

207 661 280 726 Itur
292 663 326 725 in
341 669 463 727 aeterno
477 664 616 745 vestitos
633 664 779 743 gramine
795 684 944 746 campos,
1271 665 1275 668 ’
1311 671 1313 676 ’

206 762 251 826 Et
266 763 374 844 prima
389 765 453 826 sub
468 747 682 845 luce‘legunt
698 783 775 827 cum
789 785 861 827 rore
877 784 1014 830 serenus

205 862 307 928 Albet
322 885 408 945 ager,
424 884 625 948 sparsosque
639 866 758 928 bibunt
770 866 912 930 violaria
926 886 1057 931 succos.

206 965 274 1029 Sed
290 971 473 1051 postquam*
481 965 594 1028 medio
609 966 660 1028 sol
675 967 793 1030 institit
806 969 903 1029 altior
918 970 986 1045 axi,

167 1069 170 1074 '
205 1065 294 1130 Ecce
308 1068 421 1149 polum
433 1087 501 1129 nox
515 1067 609 1131 ioeda
624 1068 723 1148 rapit,
739 1069 997 1152 tremefactaque
1011 1074 1107 1134 nutat
1245 1072 1310 1137 235

204 1168 319 1233 Insula
333 1167 547 1251 cornipedum
563 1167 677 1249 pulsu,
694 1169 900 1252 strepituque
916 1175 1073 1236 rotarum.

203 1268 317 1333 Nosse
329 1289 389 1332 nec
404 1269 552 1350 aurigam
567 1269 678 1352 licuit;
703 1288 764 1332 seu
777 1271 923 1334 mortifer
937 1277 1055 1350 aestus

203 1370 272 1435 Seu
289 1370 383 1433 Mors
398 1371 473 1453 ipsa
485 1370 556 1434 fuit.
602 1367 709 1434 Luror
720 1377 891 1453 permanat
905 1373 940 1435 in
952 1373 1090 1440 herbas:

203 1541 259 1592 tro?
275 1558 333 1605 quus
343 1558 388 1591 uon
398 1542 473 1606 effudi
480 1558 561 1605 preces
578 1542 668 1593 coum?
687 1546 776 1594 Tamen
793 1545 836 1594 rue
848 1545 1004 1608 Proserpina
1013 1546 1083 1605 freto
1101 1547 1192 1596 auxilio
1202 1563 1307 1598 sororum

202 1609 285 1656 euolat.
320 1607 438 1669 Npmpiroe
448 1607 540 1655 duritie
554 1613 759 1670 postsequuntur
770 1611 839 1670 ionga
852 1610 928 1658 serie:
945 1611 999 1670 agri
1016 1616 1129 1670 pduutur
1140 1613 1219 1660 murti
1229 1613 1307 1662 lumbis

198 1671 328 1734 perpetuis,
338 1677 361 1718 et
373 1672 412 1720 die
422 1671 554 1719 subiuceute
564 1672 678 1733 coliigunt
689 1671 776 1731 flores,
788 1689 839 1720 eum
851 1689 947 1736 campus
957 1675 1062 1736 placidus
1072 1675 1159 1723 albicet
1168 1677 1272 1738 pruinis,
1283 1684 1306 1726 et

126 1762 132 1769 ’
199 1741 272 1800 preto
282 1736 394 1784 lmuriuut
403 1751 467 1783 rores
475 1734 568 1799 effusm.
585 1736 619 1784 Ar
631 1741 751 1799 postquem
762 1737 805 1786 Sol
813 1739 931 1799 ‚apparuit
942 1739 1053 1787 excelsior
1064 1740 1089 1787 in
1100 1740 1176 1786 medio
1187 1755 1268 1800 eursu,
1279 1756 1307 1790 eu

201 1814 250 1859 aex
261 1805 314 1847 etro
325 1800 404 1859 aufert
416 1801 519 1855 Coeturm
535 1805 558 1848 et
575 1800 650 1848 insuta
661 1801 749 1849 Sicilie
757 1807 871 1851 comumto
886 1803 994 1864 quatitur
1007 1803 1085 1851 sonitu
1100 1818 1218 1865 equorum,
1228 1810 1253 1852 et
1264 1806 1306 1856 im·

199 1863 270 1927 puicu
279 1878 367 1913 currus.
385 1865 436 1913 Nee
444 1864 513 1926 potui
531 1879 668 1924 cognoscere
687 1866 809 1927 aurigam:
825 1865 873 1915 sice
891 1866 990 1929 spiritus
1008 1867 1085 1916 letalis
1098 1866 1160 1930 suit,
1177 1869 1226 1917 sice
1245 1884 1307 1918 mors

202 2077 311 2141 proruit
322 2079 384 2126 Exe.
397 2077 491 2126 Peter.
503 2081 671 2142 quart—2³0
690 2077 807 2127 Presidio
818 2079 860 2126 vel
873 2078 978 2128 Consilio
995 2076 1087 2127 Ambr.
1099 2082 1244 2127 tert—231
1264 2080 1305 2128 Iu·

200 2146 252 2190 trot
263 2156 311 2204 pro
322 2141 377 2190 itur
389 2143 454 2190 Exe.
467 2143 558 2190 Potae.
570 2148 655 2206 quart.
667 2156 758 2204 compos
768 2143 829 2191 Vat.
847 2158 884 2204 pr.
905 2142 969 2191 Cod.
991 2143 1134 2192 Barthoiiu.
1146 2142 1197 2191 duo
1210 2144 1305 2192 Peter.

199 2211 288 2253 euntes
308 2206 381 2254 Med.
393 2211 478 2266 quart.
498 2206 590 2254 Heius.
611 2207 645 2254 Η.
666 2205 755 2254 Ambr.
773 2212 833 2254 tert.
851 2208 918 2254 colles
937 2212 988 2254 tres
1007 2208 1079 2255 Vatt.
1096 2211 1124 2254 et
1142 2207 1167 2255 d.
1184 2206 1241 2255 Pal.
1254 2208 1305 2257 inc.

201 2268 294 2317 Heius.
308 2270 422 2318 Floreat.
434 2270 493 2317 Put.
505 2271 568 2331 Reg.
580 2271 671 2317 Petav.
683 2284 735 2317 sec.
746 2270 845 2318 Thoios.
856 2271 953 2319 Moret.
967 2285 1005 2330 pr.
1017 2269 1102 2318 Oxou.
1115 2285 1153 2330 pr.
1165 2270 1217 2318 duo
1228 2272 1305 2321 Voss.

201 2333 266 2381 Erre.
278 2334 369 2381 Potae.
381 2339 466 2394 quart.
478 2334 546 2380 rouo
557 2333 598 2381 vei
608 2338 698 2382 montes
708 2333 781 2381 Med.
801 2339 924 2394 pre-232
940 2349 993 2382 eum
1010 2335 1059 2381 iure
1071 2333 1161 2382 Ambr.
1181 2341 1241 2383 tert.
1258 2337 1305 2384 soie

201 2410 250 2458 pro
260 2411 314 2444 rore
323 2397 425 2444 Tholos.
436 2411 469 2444 m.
482 2410 521 2457 pr.
531 2411 626 2444 serenus
636 2398 676 2445 vet
692 2411 771 2445 sereno
780 2399 840 2446 Vat.
860 2413 910 2447 sec.
921 2400 997 2446 Voss.
1016 2401 1150 2446 sec—233
1167 2397 1240 2446 Aruer
1251 2406 1304 2449 vet.

201 2459 266 2522 Gyr.
278 2459 351 2520 Alget
364 2474 453 2508 omnes
464 2461 535 2507 Vati.
546 2461 602 2509 Pet.
614 2460 677 2509 Cod.
692 2460 838 2509 Barthoun.
851 2462 901 2510 duo
916 2463 1072 2511 Voss-234
1088 2462 1167 2509 astitit
1179 2463 1252 2509 altior
1261 2465 1305 2512 oxi

200 2523 300 2572 Bonon.
311 2524 383 2571 altior
393 2524 542 2571 exstititque
555 2530 607 2572 vet.
620 2524 685 2587 Gyr.
703 2524 776 2572 eitius
791 2527 886 2574 exstitit
903 2541 948 2574 ose
957 2527 1017 2574 Vat.
1030 2540 1069 2587 pr.
1082 2526 1145 2574 Cod.
1157 2526 1303 2575 Barttroiin.

200 2587 261 2635 Vet.
272 2588 353 2636 Lirin.
364 2587 442 2635 osmer
453 2589 517 2635 Exc.
530 2588 623 2635 Peter.
635 2592 719 2650 quart.
735 2589 806 2636 citior
817 2589 907 2638 institit
925 2592 985 2639 Vat.
997 2604 1049 2638 sec.
1062 2596 1089 2637 et
1107 2590 1132 2638 d.
1153 2588 1212 2637 Pal.
1224 2592 1304 2640 ostitit

199 2651 253 2699 orbe
274 2652 345 2700 Voss.
368 2666 405 2712 pr.
425 2652 520 2699 exstitit
535 2651 586 2699 ordi
604 2653 668 2701 Exc.
688 2652 780 2700 Petav.
792 2662 876 2715 quart.
894 2654 988 2702 exstitit
1005 2668 1050 2701 exe
1061 2653 1124 2702 Vat.
1136 2654 1216 2717 quint.
1239 2656 1303 2717 Reg.

100 2758 103 2764 .
199 2716 300 2764 Tholos.
312 2717 328 2766 J
332 2732 373 2764 uu.
384 2730 433 2764 sec.
446 2715 535 2764 Anrbr.
548 2722 607 2764 tert.
618 2731 664 2764 arce
680 2717 740 2764 Vat.
754 2723 837 2778 quart.
854 2718 948 2765 exstitit
958 2719 1001 2765 oxi
1012 2717 1096 2765 Oxou.
1108 2732 1147 2778 pr.
1158 2717 1250 2766 institit
1260 2719 1304 2766 oxi

106 2827 109 2830 .
199 2779 315 2829 Floreat.
328 2781 380 2829 duo
391 2780 463 2829 Mod.
477 2780 568 2829 Heius.
581 2780 615 2828 H.
628 2787 656 2828 et
668 2779 717 2828 inc.
730 2779 811 2842 ejusd.
828 2781 888 2830 Put.
903 2790 955 2829 tres
976 2783 1068 2829 Petav.
1086 2781 1147 2831 Juu.
1161 2796 1200 2842 pr.
1213 2781 1302 2831 Oxou.

198 2858 251 2893 sec.
261 2846 324 2895 Var.
336 2845 390 2893 LL.
403 2860 417 2893 e
430 2860 511 2906 marg.
523 2845 610 2893 Parm.
625 2844 718 2892 institit
727 2845 767 2891 vel
786 2845 880 2892 remitit
891 2846 933 2893 aei
944 2847 1018 2893 Voss.
1038 2849 1171 2892 sec-236
1189 2861 1238 2894 nore
1248 2851 1303 2896 atra

198 2909 261 2958 Vat.
274 2924 313 2971 pr.
324 2909 388 2958 Cod.
403 2908 545 2957 Barttrolin.
557 2908 662 2957 Tholos.
673 2909 736 2955 Vat.
748 2908 830 2957 Liria.
844 2908 912 2968 foedo
931 2910 1046 2958 Floreat.
1064 2924 1122 2958 cum
1135 2910 1226 2970 viginti
1239 2910 1303 2958 duo·

153 3020 158 3038 Ι
197 2972 246 3020 bus
266 2974 331 3030 aliis,
350 2971 410 3019 Ald.
430 2978 458 3019 et
477 2973 538 3020 Var.
558 2972 611 3019 LL.
632 2987 646 3018 e
665 2986 745 3032 marg.
765 2973 853 3020 Parm.
873 2973 938 3033 rupit
958 2975 999 3021 vel
1018 2974 1079 3033 tegit
1097 2972 1186 3022 Ambr.
1205 2979 1303 3021 tert.—

199 3039 248 3084 236
263 3039 331 3098 patsu
341 3036 486 3097 strepituque
496 3036 596 3094 Bonon.
608 3036 708 3097 strepitu
717 3036 828 3098 pulsuque
839 3038 898 3085 Vct.
910 3052 962 3086 seo.
978 3038 1039 3086 Put.
1052 3039 1116 3099 Reg.
1133 3043 1186 3085 tres
1207 3039 1301 3086 Peter.

197 3100 264 3149 Exc.
277 3101 370 3148 Peter.
383 3107 467 3162 quart.
480 3099 559 3147 Gesn.
571 3107 598 3147 et
607 3100 648 3147 ed.
661 3100 765 3161 Bipont.
782 3115 852 3148 cursu
867 3102 1012 3163 strepituque
1022 3103 1082 3150 Vat.
1099 3116 1137 3160 pr.
1149 3101 1302 3150 inc.·Heins.

151 3187 155 3193 ·
197 3162 260 3211 Ver.
275 3164 326 3211 LL.
347 3180 361 3209 e
380 3178 460 3225 marg.
477 3164 564 3211 Parm.
581 3165 711 3226 ptousuque
726 3164 788 3212 Vat.
807 3171 866 3212 tert.
885 3180 996 3228 cursuque
1015 3165 1079 3213 Cod.
1098 3166 1240 3214 Bartholin.
1259 3166 1301 3215 ed.

198 3227 284 3275 Vicet.
294 3230 406 3290 pulsisque
426 3229 476 3275 duo
495 3228 556 3277 Juu.
578 3228 629 3276 duo
650 3229 737 3277 Oxou.
756 3228 896 3277 Aru-w
913 3231 1039 3290 sugemem
1057 3245 1104 3291 pro
1122 3230 1231 3289 aurigam
1243 3230 1302 3280 Pei.

200 3290 272 3339 Med.
285 3306 324 3354 pr.
336 3291 427 3339 Ambr.
440 3298 500 3340 tert.
513 3292 579 3339 licuit
596 3292 663 3353 mitri,
680 3291 787 3350 mortifer
803 3294 844 3340 itte
860 3293 921 3343 Jun.
939 3308 990 3341 sec.
1008 3295 1048 3342 sed
1064 3292 1173 3352 mortifer
1184 3295 1300 3343 Florent.

196 3354 238 3403 iile
250 3369 297 3417 pro
307 3361 380 3403 cestus
392 3355 703 3406 omnesVatt.Pa1.'Cod.
715 3356 858 3405 Barthoiin.
872 3357 957 3405 Oxou.
970 3371 1009 3419 pr.
1018 3357 1132 3405 chartac.
1145 3357 1236 3406 Heius.
1249 3357 1299 3406 duo

198 3417 260 3469 Jun.
270 3419 323 3467 duo
333 3421 489 3469 Voss-2³8
505 3434 567 3468 mors
577 3421 618 3468 ura
637 3420 729 3468 Petev.
748 3434 798 3468 sec.
812 3421 871 3468 ticor
891 3435 978 3469 omues
989 3423 1061 3469 Vatt.
1083 3421 1140 3468 Pet.
1162 3421 1225 3469 Cod.
1237 3422 1300 3470 Bar-

197 3482 287 3532 tholin.
299 3492 351 3533 vet.
363 3485 429 3546 Gyr.
441 3484 492 3532 duo
504 3484 565 3533 Jun.
577 3484 686 3533 totidem
697 3485 772 3532 Voss.
785 3492 812 3532 et
824 3483 907 3533 Oxou.
925 3486 989 3533 Eue.
1007 3485 1107 3533 Schott.
1118 3486 1181 3532 lutor
1190 3500 1299 3547 permon-

196 3547 229 3596 sit
240 3547 266 3596 ia
276 3547 354 3597 herbis
364 3548 425 3597 edd.
436 3549 521 3598 Vicet.
532 3549 618 3597 Perm.
630 3549 703 3599 Junt.
712 3547 804 3611 luinge.
816 3556 844 3598 ot
856 3550 889 3596 al.
900 3553 1021 3612 permanet
1031 3551 1057 3598 iu
1067 3548 1151 3602 terias
1159 3550 1220 3599 Put.
1232 3551 1299 3614 Reg.

692 3677 799 3728 NOTAE

204 3809 207 3812 ⁴
228 3787 278 3833 2³2
289 3781 354 3832 Rure
364 3781 438 3845 cibet]
457 3781 489 3830 Id
500 3790 551 3842 est,
562 3781 670 3845 pruinis,
681 3795 727 3830 eeu
800 3788 848 3835 238
863 3785 943 3832 Luror
950 3783 1085 3846 permonet]
1110 3783 1187 3831 Color
1197 3783 1297 3834 luridus

196 3859 336 3922 slbogelu.
677 3853 679 3856 ’
767 3860 1060 3924 etquenigerpenetrat
1078 3859 1178 3921 herbas,
1192 3869 1221 3908 et
1238 3860 1298 3908 ideo

229 3938 276 3982 235
293 3934 464 3997 Potumropit]
488 3933 574 3996 Eripit
594 3947 627 3981 ex
646 3932 727 3981 ocutis
766 3941 875 3983 mortem
895 3950 952 3994 esse
969 3934 1094 3985 credebat
1111 3936 1226 3997 Electra,
1236 3937 1298 3998 quia

128 4023 129 4026 ’
197 4010 288 4059 coelum
300 4018 327 4059 et
337 4011 412 4060 diem.
429 4009 568 4072 Virgilius:
586 4008 736 4073 ‘Eripiunt
766 4012 928 4074 quacumque
948 4009 1089 4075 incederet,
1104 4009 1189 4060 omnia
1204 4010 1298 4060 morie·

139 4103 143 4118 .
195 4084 370 4134 subitonubes
379 4087 522 4149 coetumque
530 4085 650 4150 diemque
659 4084 727 4134 Teu·
766 4084 870 4133 bantur.

196 4174 298 4211 erorum
310 4176 343 4210 ex
353 4161 451 4225 oculis,'
462 4165 509 4212 &e

76 4304 197 4428 K
