2700 4702
179 258 265 344 1258
363 295 472 345 norm
496 295 697 345 vsatoauu
723 297 763 345 in
789 297 1092 348 omentorum.

195 460 197 468 ·
212 436 347 487 Reoouobm
359 437 442 501 Croto]
464 437 660 499 Celebrabatnr,
670 435 710 485 fa·
749 439 852 488 ticuere
863 439 959 490 canes!
992 438 1071 488 ovid.
1083 440 1165 488 Fastr
1173 452 1212 489 tv.
1228 438 1237 466 ‘
1248 439 1285 490 m

179 526 253 562 mosa
271 520 336 563 erat.
369 515 464 577 virgil.
481 515 525 562 iib.
537 528 586 563 vu.
607 514 710 560 ‘Dives
748 529 792 562 vos
804 514 908 577 Seynaa
920 512 1044 576 neumaga
1056 520 1174 562 monstra
1185 515 1286 564 cenes

180 587 327 640 ueroeam
344 589 387 638 ubi
403 590 469 638 Solis
489 590 542 637 filiu
558 591 629 638 lucos
643 587 711 636 Ami·
749 598 826 655 atque
840 592 876 638 ita
889 591 940 638 otii.

182 661 234 712 duo
246 670 351 713 resonat
362 664 456 714 contu?
493 665 577 713 Brun
781 671 828 714 297
849 665 896 713 Sed
907 666 1009 714 moribus
1019 664 1109 729 imper]
1138 666 1224 715 Nemo
1234 666 1283 715 hoc

215 742 264 787 292
280 739 353 788 Lutio
370 740 480 802 quioquid
493 739 713 787 ditioueoubootum
750 742 849 790 nesciat
862 740 979 803 dispares
991 755 1074 789 mores
1091 755 1149 789 esse
1163 742 1284 789 vitiorum

187 813 714 877 Vivit]Viderivultouiniaviuasubdito
751 823 830 880 utque
859 816 1001 875 virtutum3
1029 817 1159 876 Lucanus,
1180 814 1226 865 tib.
1247 827 1286 871 ιι.

184 890 309 953 Romam
321 893 412 941 ditioni
423 907 490 941 esse.
518 891 714 944 Qiramvisenim
751 895 758 919 ‘
770 893 845 940 Titne
857 892 963 953 respicit
975 906 1063 940 omncs
1078 892 1110 940 Iu
1122 899 1193 941 coetn
1206 898 1285 940 nicto-

185 981 239 1018 tem
258 968 333 1016 aliter
351 983 378 1017 se
395 969 491 1017 habere
504 968 610 1029 scirent,
629 968 667 1015 ita
679 973 715 1014 tu·
753 984 803 1032 que
816 969 901 1016 viros!
934 969 969 1016 Et
987 984 1047 1017 saue
1059 983 1109 1017 non
1122 970 1156 1018 de
1167 969 1289 1031 moribus,-

185 1044 432 1115 quenquuebuntur.
468 1046 551 1092 Idem„
754 1045 797 1093 sed
811 1046 842 1093 de
861 1059 946 1107 pugna
966 1047 1154 1094 contrariarum
1175 1047 1245 1094 inter
1259 1059 1285 1094 se

218 1122 267 1169 299
286 1119 377 1168 Primis
394 1120 489 1182 Ganges
503 1119 612 1168 horrebat
632 1116 718 1179 Iberis]
755 1121 1094 1186 partiumloquiturPoiitu.
1131 1122 1286 1171 Sudiimeiu·

187 1194 361 1246 0ocidentem
372 1198 482 1259 primum
496 1206 571 1245 vocat
584 1195 718 1257 adignita·
756 1205 808 1244 tem
826 1204 958 1244 certarnen
976 1196 1042 1245 dixit
1058 1196 1128 1259 quod
1149 1197 1183 1244 ud
1204 1198 1285 1246 clavos

152 1338 157 1342 Ι
187 1272 336 1325 teRomani
353 1271 469 1334 Imperii,
487 1273 559 1335 cujus
579 1271 718 1319 sodesiilic
758 1272 834 1334 Reip.
855 1278 1001 1334 gereretur,
1019 1274 1133 1321 omnium
1152 1274 1243 1322 animis
1261 1273 1285 1320 in

188 1347 369 1396 vetustissima.
401 1347 444 1396 Sic
462 1349 578 1396 Primum
591 1346 719 1395 Oeeiden·
757 1353 877 1395 eventum
890 1350 1007 1407 arrectis,
1023 1357 1050 1396 et
1062 1349 1215 1410 gloriosum,
1226 1348 1288 1397 cele-

189 1430 244 1474 tem
263 1438 313 1471 non
331 1425 388 1473 ioco
408 1424 454 1473 sed
475 1424 631 1473 arictoritate
648 1423 720 1472 dicit.
758 1423 813 1482 bre,
824 1429 907 1471 notat.
943 1423 1034 1472 Horat.
1053 1423 1182 1472 ‘Sublimi
1202 1423 1287 1472 feriam

191 1499 258 1548 Nom
270 1500 366 1562 alioqui
383 1501 454 1563 prior
471 1501 577 1560 Oriens,
590 1506 618 1547 nt
629 1499 721 1560 Virgil.
759 1498 845 1546 sideru
855 1501 972 1547 vertice.'

191 1573 225 1622 dc
251 1573 349 1622 AEnca:
376 1576 478 1624 ‘Arma
499 1576 633 1638 virumque
656 1589 723 1622 cano
792 1575 839 1621 Sed
866 1574 968 1623 moribus
988 1576 1066 1638 impar
1088 1576 1214 1624 Virtutum
1229 1575 1290 1623 seele-

191 1649 275 1712 Trojae
287 1651 331 1713 qui
343 1652 438 1712 primus
448 1652 479 1700 ab
491 1651 559 1701 oris!
592 1652 665 1700 Idem.
760 1663 857 1708 rumque
877 1648 942 1711 fuit]
967 1651 1032 1698 Tres
1061 1650 1154 1711 scripti
1181 1649 1289 1698 motibus:

230 1726 262 1772 Et
273 1727 390 1787 oprimis,
399 1727 450 1789 ise]
476 1729 613 1791 Quotquot
621 1743 679 1775 enm
691 1728 723 1775 si·
761 1725 830 1787 quod
843 1725 964 1772 Boethius
973 1726 1107 1787 ampiexus
1119 1734 1178 1774 est:
1197 1725 1232 1773 nii
1243 1739 1291 1772 ruu-

193 1816 253 1851 num
266 1810 343 1852 terrae
357 1804 482 1865 incolunt,
500 1806 545 1868 qui
557 1807 589 1852 ab
601 1805 676 1853 initio
688 1806 725 1854 0·
739 1845 744 1850 .
762 1808 806 1848 to:
828 1815 902 1848 mores
920 1800 1015 1850 iuridioe
1033 1800 1103 1862 apud
1128 1800 1275 1848 Martialem
1284 1815 1294 1870 εν

194 1879 285 1929 nentis
308 1880 340 1928 ad
362 1880 515 1929 Occidentis
539 1895 620 1944 usquc
647 1879 725 1928 iinem
763 1891 838 1925 mores
848 1876 962 1938 equoris:
979 1876 1222 1939 dequibuserndite
1232 1875 1292 1924 Gro-

195 1954 346 2017 porrigitur
380 1955 473 2003 Deirt'o
764 1967 855 2000 novius
866 1951 1000 2000 Diatubes
1013 1952 1149 2014 Statiano,
1159 1967 1182 2001 c.
1193 1956 1234 2001 29.
1260 1951 1292 1999 D.

212 2034 261 2078 294
271 2030 402 2092 Hooneque
410 2031 541 2094 Geryones]
549 2031 609 2079 Non
620 2031 727 2093 Geryon
766 2030 852 2077 Heius.
1212 2053 1216 2061 .

196 2105 479 2168 recteRapheiengius:
499 2104 729 2167 etconflrnatpri·
799 2108 845 2151 991
873 2102 963 2163 Iuseoto
983 2105 1049 2167 ooelo]
1078 2103 1160 2153 Aere
1194 2060 1295 2153 Lucret.

197 2181 386 2231 musVatican.
399 2187 426 2229 et
438 2181 619 2243 prrmoedttio
634 2182 730 2243 Geryon
765 2178 811 2226 lib.
825 2193 864 2226 vt
883 2177 1021 2227 mortifer
1032 2185 1112 2227 aestus
1129 2177 1295 2234 Aerisemou·

198 2255 302 2319 quidem
314 2255 352 2303 bis
362 2256 459 2304 Seneca
468 2256 549 2303 dixit'
544 2271 568 2303 ni
579 2256 731 2319 Tragoediis‚
768 2269 809 2302 sus
822 2255 934 2317 spatium
943 2269 1102 2317 camposque
1110 2252 1248 2302 natantes?
1296 2292 1299 2301 .

199 2332 244 2380 sed
257 2331 371 2381 secunda
382 2332 480 2394 syllaba
497 2339 637 2394 correpta:
655 2347 731 2392 aequo·
802 2334 850 2378 992
870 2329 964 2376 Primos
981 2331 1094 2391 pecudum
1112 2331 1248 2392 deposcitur
1263 2343 1305 2399 or·⁴

200 2409 258 2457 dunt
270 2409 349 2457 etiam
367 2423 399 2456 ex
418 2410 500 2471 primo
516 2409 643 2457 Vaticano
664 2410 731 2456 aliis·
769 2406 820 2468 tut]
837 2407 879 2455 lta
891 2406 1010 2453 meliores
1022 2405 1114 2467 scripti
1124 2419 1202 2453 :non
1211 2405 1300 2467 primo:

201 2498 253 2546 que
282 2484 420 2543 nonnullis,
445 2498 495 2532 non
520 2485 625 2546 oequobut
646 2485 731 2548 legen·
769 2482 816 2530 lib.
835 2496 855 2529 1.
874 2483 901 2530 in
920 2483 1031 2544 Eutrop.
1048 2480 1143 2529 ‘rebus
1162 2482 1226 2530 Eois
1244 2481 1300 2530 Exi·

202 2559 272 2608 dum.
305 2560 339 2607 D.
355 2560 441 2608 Heius.
772 2557 834 2605 uum
848 2556 984 2620 primoque
995 2555 1044 2603 sibi
1057 2555 1198 2616 produxit!
1217 2556 1260 2604 lib.
1271 2569 1305 2604 11.v

236 2634 353 2684 Turbidus
382 2637 439 2684 Oroi
460 2636 568 2700 Jouitor]
605 2634 734 2684 Cerberus
770 2632 1183 2693 instilich.‘primamscelerum
1195 2639 1302 2681 matrem

202 2718 335 2762 extractus
376 2712 444 2760 inter
475 2711 576 2760 labores
606 2710 734 2759 Herculis.
773 2700 855 2757 trudis
877 2708 1018 2756 Avaritiam
1029 2707 1045 2754 ε’
1062 2708 1099 2755 sic
1119 2715 1231 2771 utroque
1248 2708 1302 2774 loeo

202 2787 426 2850 Virgil.iib.vi11.
445 2789 734 2850 ‘Testygiitrenuere
773 2798 831 2832 cum
856 2783 1009 2842 membranis
1032 2783 1179 2845 legendum.
1214 2784 1304 2847 Virgd.

203 2865 285 2926 lacus,
297 2871 323 2913 te
332 2865 522 2927 janitororoiJ
555 2864 643 2912 Burrio.
773 2861 818 2908 iib.
831 2873 868 2908 v1.
884 2865 891 2886 ⁴
905 2860 1011 2922 primam
1031 2859 1074 2922 qui
1094 2860 1197 2921 legibus
1216 2860 1304 2909 urbem

237 2943 286 2988 299
307 2939 350 2988 Vir
360 2940 465 3002 derae]
486 2938 517 2987 Id
530 2945 578 2998 est,
589 2939 683 3001 Hydra
699 2938 736 3000 ip·
773 2936 920 2985 Fundanis:
961 2937 1003 2983 Ita
1024 2935 1105 2983 citant
1126 2936 1305 2997 Grammatici,

205 3029 242 3071 se.
277 3015 406 3064 Collectio
426 3015 453 3061 in
472 3028 550 3062 unium
567 3014 737 3076 versumplu·
774 3013 964 3074 etSpartianus
983 3013 1008 3060 in
1029 3012 1082 3060 vita
1099 3012 1239 3071 Hadriani,
1257 3027 1305 3061 non

205 3090 276 3147 ribus
287 3088 363 3146 modo
374 3095 545 3137 narratorum.
574 3091 609 3138 Et
620 3089 742 3139 erasmo-¹
772 3088 878 3150 primus:
895 3101 943 3135 nec
961 3087 1037 3134 aliter
1056 3087 1108 3135 illic
1126 3087 1241 3148 optimus
1253 3085 1311 3136 nte-i

207 3165 241 3213 do
253 3179 299 3212 suo
311 3164 461 3224 constricta,
471 3165 612 3213 orationem
623 3163 738 3227 mugnifi·
775 3166 872 3214 diceus.
895 3164 981 3224 Silius,
992 3165 1035 3212 lib.
1047 3177 1074 3212 x.
1095 3164 1173 3214 ‘Jnm
1186 3165 1269 3213 maria
1279 3178 1307 3212 uc

207 3254 263 3289 cam
276 3230 327 3287 non
338 3238 458 3287 dedecet.
483 3240 583 3304 Estque
593 3241 630 3288 ita
641 3241 745 3303 ariique,
776 3247 860 3291 terras
880 3241 1041 3304 primamque
1060 3240 1192 3288 invaserat
1203 3238 1308 3288 urbem!

207 3315 258 3365 ties
269 3329 284 3364 a
295 3321 383 3363 nostro
395 3313 480 3363 Poe'ta
495 3330 553 3364 cum
571 3316 656 3378 gratia
667 3330 738 3364 risus·
776 3318 870 3366 Cicero
882 3315 997 3377 Philipp.
1010 3329 1041 3362 n.
1058 3317 1107 3362 ‘nt
1124 3329 1184 3363 enm
1201 3317 1308 3378 primunt

209 3396 281 3454 pota.
315 3391 391 3438 idom.
776 3392 905 3440 nominent
923 3407 955 3438 ex
974 3391 1042 3438 iliius
1053 3392 1180 3452 temporis
1196 3391 1310 3439 consulo·

240 3465 472 3530 Scyllaquefomm]
501 3468 577 3515 Cooes
596 3468 691 3530 Regius
712 3474 740 3516 st
777 3469 846 3517 ribus
856 3467 871 3516 :'
889 3482 940 3515 non
957 3467 1045 3529 prium,
1060 3467 1167 3530 optimae
1185 3466 1310 3516 membra·

210 3542 403 3606 Oxon.placct.
436 3543 508 3590 Nota
520 3543 552 3590 de
566 3545 661 3606 Scyllae
673 3545 741 3594 cani·
778 3561 826 3595 nee.
860 3546 896 3593 D.
911 3547 996 3593 Heius.

209 3619 259 3670 bus
279 3617 377 3678 fabula,
396 3633 505 3682 quorum
524 3619 668 3671 meminisse
688 3621 741 3683 ple·
798 3625 859 3672 ,999
888 3620 1006 3681 Uriosque
1023 3619 1100 3682 rupit]
1134 3619 1310 3669 Habitatorea

209 3694 517 3759 rumquepoiitaesolent,
531 3696 629 3757 quoties
646 3698 740 3760 Seyliae
780 3699 870 3747 Barth.
1189 3737 1191 3741 ‚

209 3772 398 3822 meminerunt:
416 3777 502 3818 noster
515 3770 558 3819 lib.
567 3784 586 3818 1.
599 3771 624 3819 in
633 3773 744 3834 Eutrop.
816 3775 941 3837 Ventitque
949 3774 1062 3836 perustis]
1079 3774 1196 3836 Verrioque
1207 3787 1312 3836 excerp·

211 3846 318 3908 ‘Scylla
329 3860 407 3894 novos
419 3847 510 3894 niirata
527 3848 621 3895 canes!
654 3849 742 3897 Laude
781 3860 808 3914 to
816 3850 954 3912 Pomponii
965 3850 1046 3896 Laeti:
1065 3851 1142 3912 quate
1152 3849 1275 3898 mendum
1283 3861 1313 3896 ex

212 3922 327 3983 Serenae,
338 3923 346 3949 ‘
358 3929 422 3985 quot
433 3929 525 3984 stagno
537 3920 682 3986 Charybdis
695 3924 743 3972 Ar·
783 3928 888 3989 Nasone
899 3925 1047 3973 sustulimus
1060 3925 1125 3972 Met.
1137 3939 1187 3974 vu.
1199 3930 1259 3990 567,
1268 3925 1320 3985 hoc·

211 3999 298 4059 morit,
309 4005 372 4062 quot
383 3999 470 4061 Scylla
481 3999 577 4047 canes!
593 3999 679 4062 Silius,
690 4001 707 4048 1.
717 4016 744 4053 v.
782 4005 840 4053 loco
862 4009 949 4051 tanuen
976 4002 1012 4048 nil
1032 4002 1129 4049 mutari
1151 4003 1250 4064 piacet.
1282 4001 1314 4050 D·

211 4072 219 4100 ‘
232 4073 318 4136 Scylla
329 4087 406 4135 super
423 4088 557 4137 suevosque
572 4090 664 4124 canum
683 4092 745 4140 pan·
783 4077 870 4126 Heius.

214 4145 295 4197 debat
311 4146 418 4198 hiatus?
460 4147 747 4216 Lib.x1s.‘Scy'naei
815 4158 863 4203 999
890 4117 987 4204 Auidus
1004 4150 1097 4216 proedo]
1138 4153 1314 4217 Symmachus,
