2700 4702
331 280 468 332 nauso.
492 282 532 332 ru
559 284 665 334 snos.
689 286 736 335 nr
757 286 868 334 onus.
890 287 1003 338 oottss
1125 270 1213 339 tela

116 421 182 473 turis
193 422 371 488 Epltbalamlo
383 424 504 488 Honesti,
524 426 648 492 ‘fastigia
802 442 882 478 nares
901 442 1092 481 uuursrussns

118 500 226 563 supplex
250 501 378 567 Deposui,
393 504 512 568 gessique
525 503 647 568 procum.’
724 516 851 553 iussurus
873 517 1044 557 rucuunrss.
1062 519 1104 556 sn.
1124 518 1175 555 trs·

123 575 153 626 ll.
164 577 253 627 Heius.
770 592 886 630 rsuruss.
902 595 1038 631 seseross.
1056 593 1127 631 nncr

147 650 237 701 idcio
259 668 336 716 gesur
353 654 508 718 decumum]
541 656 648 717 Mirum,
803 669 936 707 rrurorrs.
953 670 1088 708 onssrrrr.

121 740 193 793 qnam
213 730 366 780 exercuerit
375 730 417 780 blo
427 732 499 780 locus
511 731 579 781 siros
591 746 648 781 eru·
684 732 798 781 Videtur
806 740 893 781 autem
907 733 929 781 is
941 733 1010 796 ipsus
1021 748 1088 796 esse,
1099 734 1142 798 qui
1155 748 1214 785 eum

122 803 194 855 ditos.
227 806 285 855 Nos
304 812 421 856 veterum
440 807 581 858 editionum
596 809 649 858 lec·
685 807 808 871 Philippo
819 808 975 857 Honorisuis
987 808 1146 872 temporibus
1154 824 1215 860 cen-

122 880 215 930 tionem
239 882 430 932 revocavimus:
456 897 532 948 quam
560 891 589 933 et
615 897 648 932 ex
685 884 796 932 srrlatum
819 883 941 944 obtinuit,
961 889 989 933 et
1006 885 1062 946 pari
1082 884 1214 934 nominem

121 955 222 1021 seriptis
246 957 352 1022 quidam
381 964 495 1008 tuentur.
538 957 649 1023 Gyrulsli
687 961 754 1023 triga
766 962 792 1009 in
804 961 916 1025 antiquis
926 958 1052 1009 fastorum
1061 960 1216 1011 membranis

116 1034 331 1084 uetustissimam
347 1034 470 1084 Medioea
479 1034 538 1083 libri
551 1036 650 1083 Lucen-
686 1036 831 1100 insignitur.
866 1037 936 1086 Nibil
948 1035 1062 1099 igitnriu
1075 1036 1215 1087 claudiano

120 1107 449 1172 abacerptadlsbesirss.
484 1109 536 1159 Alii
544 1110 649 1159 codices
686 1112 846 1161 mutandum.
880 1113 943 1161 Mox
969 1115 1074 1174 potentes
1099 1112 1216 1161 Assisdoe

120 1183 281 1246 Ambonium,
312 1185 465 1246 Articulum,
492 1185 648 1245 dacbertum,
686 1202 735 1252 pro
765 1192 875 1252 parentes
905 1186 1033 1236 edendum
1064 1188 1217 1251 curarimus,

119 1259 258 1322 delenisse,
283 1259 435 1311 Ascierissr.
468 1260 601 1309 Pauuious
623 1260 649 1308 ln
686 1265 798 1325 scriptos
806 1261 899 1324 secuti,
912 1268 1038 1326 quotquot
1048 1262 1216 1326 inspeximus,

119 1335 204 1385 Fastis
222 1335 377 1386 Anthemius:
388 1337 471 1400 legit:
496 1336 649 1400 quodsecn·
687 1340 708 1388 si
720 1355 798 1388 unum
813 1339 962 1389 Palatinum
980 1340 1131 1388 recentioris
1147 1347 1216 1390 nette

118 1408 157 1463 ins
166 1413 368 1477 Raphelengim.
401 1413 651 1475 Delrius,Asicirm:
687 1416 803 1478 excipis:
821 1415 886 1463 male
899 1429 955 1463 earu
967 1415 1103 1463 lectionem
1113 1415 1218 1467 damnet

117 1490 247 1553 quomodo
258 1494 313 1539 tam
332 1490 374 1539 bie
387 1502 463 1554 quam
477 1488 547 1538 int'ra
564 1490 590 1537 in
608 1504 650 1538 re·
688 1490 818 1540 Bartbius.
851 1490 892 1538 De
910 1489 1003 1538 Anulis
1015 1497 1042 1539 et
1054 1489 1152 1539 :iniciis
1163 1489 1218 1541 Au.

119 1569 191 1614 tusto
202 1565 294 1615 codiee
309 1565 361 1628 legi
384 1571 496 1616 testatur
507 1565 650 1626 Cluverius,
690 1567 776 1614 sonius
787 1566 1049 1629 nonnullaEpist.1rr.
1062 1575 1089 1615 et
1101 1567 1218 1616 Pruden-

111 1634 188 1705 'qnod
208 1647 238 1689 et
259 1641 287 1688 iu
306 1641 420 1690 editione
438 1656 484 1690 sna
506 1641 651 1704 exprimen-
689 1642 739 1691 tius
749 1655 798 1690 nou
810 1655 860 1688 nno
871 1641 938 1689 loco.
972 1640 1056 1690 Anicii
1075 1644 1218 1692 Quesrorts

117 1712 178 1765 dum
190 1716 275 1764 duxit.
307 1715 359 1764 Sed
378 1730 436 1765 cum
451 1717 535 1765 nullos
549 1717 592 1764 ille
608 1731 651 1766 ve·
689 1717 735 1765 sub
747 1715 908 1775 Constantio,
918 1715 1025 1763 hominis
1038 1717 1220 1779 potentissimi,

117 1796 188 1845 teres
199 1791 280 1839 libros
291 1790 443 1854 inspexerit,
459 1799 556 1856 praeter
567 1806 653 1841 exem·
690 1793 806 1842 meminit
818 1791 1150 1853 AmmianusMarcelliuus,
1158 1793 1218 1844 libr.

118 1864 177 1930 plar
187 1880 247 1914 cum
259 1866 330 1914 libris
339 1881 417 1916 manu
427 1869 539 1918 euantis
552 1885 567 1918 a
581 1883 652 1931 mag·
690 1883 747 1919 xvr.
765 1870 905 1920 ‘Quaestor
920 1868 946 1925 in
966 1867 1037 1916 Urbe
1050 1867 1164 1930 Anicius,
1174 1869 1218 1932 qni

119 1954 153 1993 no
164 1943 273 2006 Cujacio
285 1945 417 2009 collatum,
432 1947 481 1995 viri
491 1947 582 1995 summi
591 1961 652 1996 con·
690 1947 717 1994 iu
739 1947 835 2010 regiam
857 1944 1047 1994 emulationem
1065 1944 1219 2006 posteritate

112 2019 244 2082 lecturam
262 2033 309 2081 pro
320 2021 417 2069 veteris
429 2023 585 2071 membranas
601 2023 652 2071 lec·
690 2022 808 2078 tendens,
818 2020 908 2069 satiari
918 2033 1055 2083 numquam
1067 2019 1220 2080 potuttcusr

118 2094 192 2144 tione
215 2094 248 2142 ab
267 2095 312 2144 illo
332 2102 463 2159 arreptum
480 2099 524 2146 uix
544 2098 652 2158 dubito;
690 2098 850 2160 possessione
872 2094 954 2142 multo
974 2094 1072 2156 majore
1082 2093 1098 2142 :'
1113 2100 1141 2143 et
1157 2108 1219 2144 sane

119 2168 158 2219 ita
178 2170 248 2218 enim
266 2176 292 2219 et
313 2170 374 2218 alibi
393 2171 537 2234 deceptus:
556 2187 615 2221 nem
626 2174 652 2221 in
689 2173 746 2222 hnc
757 2171 856 2221 familie
866 2170 899 2219 ad
909 2170 1100 2233 imperatoriam
1111 2170 1220 2234 diguita-

119 2246 218 2294 nustris
236 2245 301 2293 nibil
316 2247 397 2296 simile
416 2250 541 2298 invenias.
582 2250 652 2300 Quid
690 2253 743 2297 tem
756 2254 815 2310 post
824 2252 917 2295 evecta
927 2250 975 2294 est.
1000 2245 1034 2293 D.
1046 2245 1131 2293 Heius.

121 2320 192 2385 quod
205 2322 289 2385 prime
304 2322 330 2370 iu
342 2323 426 2373 tutuo
437 2325 536 2388 syllaba
548 2325 653 2388 corripi·-
722 2327 738 2372 9
755 2321 883 2383 Ausiudae]
894 2320 925 2369 In
935 2335 958 2369 ν.
970 2319 1082 2369 codicib.
1091 2320 1128 2370 ita
1139 2321 1221 2386 serip-

119 2402 173 2458 tur,
196 2398 349 2460 producitur
372 2402 495 2464 secunda,
513 2402 582 2465 apud
604 2402 653 2450 aevi
692 2407 762 2459 tnm;
780 2399 826 2446 sed
837 2396 943 2446 Ausonii
953 2404 1027 2444 vetus
1037 2395 1104 2445 liber
1112 2396 1144 2445 de
1156 2396 1222 2445 Pro·

120 2471 200 2535 hujus
209 2473 358 2535 scriptores,
369 2489 418 2524 nec
427 2477 506 2524 solum
515 2478 541 2524 in
550 2483 653 2526 contre·
690 2477 739 2525 bu:
757 2480 764 2504 ‘
777 2476 870 2539 Stirpis
878 2481 986 2523 novator
998 2472 1097 2522 Amnius
1107 2473 1123 2522 :'
1140 2479 1168 2522 et
1179 2487 1221 2521 ve-

118 2547 161 2595 ria
179 2547 259 2597 ivisse
278 2539 447 2599 Claudianum
458 2549 488 2600 fit
499 2551 653 2601 verisimile:
691 2559 733 2602 tus
744 2567 857 2601 marmor
868 2551 963 2599 babet:
983 2548 1110 2597 ‘Amnius
1130 2549 1163 2597 de
1180 2564 1222 2596 ea·

120 2623 172 2671 etsi
183 2636 234 2671 non
245 2624 336 2686 ignoro
352 2626 534 2688 inscriptiones
552 2634 653 2689 extare,
691 2628 751 2676 dem
762 2626 863 2688 geute?
881 2632 908 2672 at
917 2624 1066 2671 fuitnomeu
1076 2623 1222 2672 Ausiiolim

120 2696 256 2760 inquibus
270 2698 408 2748 Aniciorum
426 2715 519 2750 nomeu
543 2717 589 2765 per
608 2703 653 2751 du·
691 2702 861 2760 celebratum,
877 2705 905 2747 et
921 2703 1007 2746 exstat
1023 2695 1102 2745 Annii
1117 2697 1222 2747 Paulini

121 2771 209 2836 plexu
220 2772 363 2825 scribetur:
375 2776 433 2825 reio
444 2777 471 2825 id
484 2784 577 2828 tamen.
593 2779 653 2828 Jsm
691 2783 883 2826 monumentum
894 2774 1003 2836 insigne,
1019 2787 1094 2835 quern
1106 2773 1223 2834 suspicor

121 2846 192 2910 qnod
204 2853 300 2909 negant
309 2857 414 2911 gentem
429 2851 572 2901 Aucbeuium
588 2854 655 2903 exti-
692 2851 794 2903 affinem
811 2850 870 2900 bnie
890 2849 990 2898 domui:
1009 2848 1054 2897 sed
1075 2849 1140 2911 lapis
1157 2849 1224 2899 anti-

123 2921 250 2973 tisseriri
269 2923 350 2984 docti,
370 2940 420 2989 quo
435 2927 461 2975 id
475 2928 537 2990 jure
555 2928 654 2990 dicant,
693 2942 758 2994 quus
781 2927 875 2976 ideone
902 2931 1024 2988 arguetur
1050 2923 1125 2971 fulsi?
1151 2923 1222 2974 l'orte

122 2996 175 3061 ipsi
186 2997 309 3049 viderint.
343 3002 457 3050 Eandm
474 3003 541 3051 enisu
556 3012 584 3052 et
595 3003 655 3052 Ani·
693 3006 834 3068 sculptoris
845 3003 937 3051 vitium
946 3007 996 3061 est,
1009 3006 1053 3048 unt
1062 3001 1115 3062 ejus
1127 2998 1224 3064 quide·

124 3072 175 3123 cia:
191 3087 250 3123 esse
261 3088 293 3122 ex
305 3074 393 3138 lapide
402 3077 506 3141 antiquo
518 3085 601 3140 patet,
612 3093 656 3126 cn·
693 3080 805 3144 scripsit.
822 3076 998 3127 Prudentius:
1009 3070 1174 3124 ‘Anniadum
1185 3090 1224 3126 so·

116 3149 161 3213 jus
183 3149 376 3211 inscriptionem
397 3153 501 3214 primus,
519 3154 588 3216 quod
607 3154 655 3203 sci·
694 3157 775 3218 hules,
799 3161 826 3204 et
848 3153 945 3202 semina
967 3151 1040 3199 clera
1061 3149 1224 3205 Proborum.'

123 3235 176 3286 am,
192 3224 219 3272 in
238 3224 325 3273 Variis
337 3227 502 3276 Lectionibus
512 3228 656 3292 publicavit
695 3232 824 3280 cuserius.

122 3300 253 3364 Joeepbus
270 3301 394 3362 Castalio,
414 3311 441 3353 et
459 3312 517 3367 post
534 3306 605 3354 illum
616 3307 656 3355 vir
727 3307 881 3369 Ductoribus]
904 3304 1068 3366 Consulibus,
1083 3303 1128 3368 qui
1146 3305 1225 3354 dtrees

123 3375 311 3425 celeberrimus
321 3378 589 3429 JacobusSirmoudus
598 3382 657 3430 Dis·
694 3386 761 3433 anni.
782 3383 876 3445 Papio.
895 3395 932 3430 tv.
954 3382 1046 3429 Silvar.
1066 3385 1088 3429 1.
1108 3382 1224 3430 ‘lucem-

123 3449 269 3500 certatione
280 3452 314 3501 de
328 3453 516 3505 suburbicariis
536 3458 656 3520 Regioni·
694 3475 773 3523 quea
794 3458 905 3508 Consule
924 3456 998 3506 ducit
1019 3455 1111 3504 Omnis
1130 3456 1225 3506 bonos?

125 3523 191 3574 bus:
210 3539 268 3574 eam
279 3541 356 3583 ecce:
695 3535 784 3584 Burtls.

249 3602 290 3652 Ad
302 3602 389 3654 Furem
401 3609 533 3669 Trqp'uurrm.
728 3615 759 3659 10
776 3611 913 3658 Iurtoerure
930 3605 993 3669 cius]
1016 3608 1162 3656 Recenture
1182 3619 1226 3655 an-

326 3691 464 3731 Aucrrrsurr
695 3700 750 3744 nos,
761 3692 789 3734 et
797 3683 917 3732 felicibus
927 3683 1009 3732 titulis
1018 3689 1139 3730 muctare.
1173 3681 1225 3730 Pa·

129 3780 133 3785 ·
159 3761 269 3800 turcio.
286 3764 437 3805 incussio.
454 3770 543 3806 uusso.
560 3771 587 3806 u.
601 3770 627 3807 c.
695 3761 873 3824 piniunumest
883 3759 1012 3808 excodem
1024 3757 1146 3818 carmine,
1156 3757 1225 3806 Jauo

227 3838 390 3879 euenerunt.
402 3845 562 3883 cesurnico
696 3836 823 3885 esserum
836 3836 998 3898 alloquente:
1016 3832 1121 3891 ‘Salve
1134 3834 1226 3895 magne

188 3913 255 3950 nuo.
271 3916 436 3957 rennuens.
447 3917 594 3961 'sausoure
695 3927 791 3975 pareus
802 3910 898 3970 mundi,
915 3911 958 3973 qui
967 3909 1060 3957 soecrrla
1071 3919 1172 3956 mecum
1181 3907 1225 3958 lu·

239 3990 551 4035 rnunuou1.russnsnr.
696 3984 916 4047 stourarepams!
944 3984 1031 4033 Burtls.

200 4082 201 4086 =
248 4107 250 4111 ,
310 4067 481 4108 rnoconsunr
727 4059 902 4122 Addereuom]
931 4059 1043 4108 Honoris
1064 4059 1144 4123 ipsius
1164 4059 1227 4109 anni

144 4146 147 4151 ·
169 4139 345 4185 cursurus.
363 4145 624 4188 estrumentum.
696 4136 788 4202 gratia.
815 4137 911 4186 Noster
928 4136 1001 4202 alibi,
1017 4138 1142 4186 ‘ornetur
1163 4135 1229 4187 Fur·
