2700 4702
275 336 412 385 rausa.
435 338 475 385 su
500 338 607 385 enon.
630 338 674 385 nr
698 338 809 385 osus.
833 337 939 385 cous.
1069 321 1156 386 1219

17 542 22 549 Ι
70 476 139 527 Aeto
159 475 237 526 Prodi
253 492 353 527 urere
370 478 464 542 precor]
491 479 582 528 Nume-
622 481 696 528 hrare
708 494 786 543 gestas
797 480 863 529 seito
874 480 989 541 dicitor;
1006 479 1044 529 lta
1055 487 1084 529 ot
1096 479 1155 543 quis

40 568 97 603 rare
111 555 200 604 Delrii
212 555 305 617 codex,
326 563 408 605 ntur.
429 556 505 605 Cous.
528 558 584 606 llo·
623 556 742 605 ‹lasbitsre
763 558 853 618 porus,
871 562 957 605 utrum
979 571 1042 605 vera
1061 557 1156 619 lanugo

45 642 102 680 nor.
143 631 248 681 ‘Facta
278 632 317 680 tui
345 632 497 681 onorembat
524 634 584 684 avi.’
622 634 663 694 sit,
674 647 706 680 au
718 633 808 682 umbra
821 632 938 696 quodam
951 632 1017 696 ejus.

34 704 112 769 ‚Nox
123 706 397 769 &admonendam
412 708 481 758 idem
497 709 583 759 Delrii
653 715 685 759 70
710 710 834 771 manupae
853 709 951 772 restiet]
978 710 1074 758 ‘'l'unc
1095 708 1158 757 mihi

51 782 133 831 sodex
143 789 173 832 et
183 799 250 834 nnus
263 786 415 835 l'ulmaanlr
433 787 532 835 Statius
545 793 583 835 ta·
623 788 705 851 'trima
717 801 796 849 genas
809 786 921 835 vestibat
937 784 1003 834 llors
1015 785 1161 849 juventas!-

53 861 197 911 m'llmb.
209 874 229 911 1.
245 863 480 927 ‘loogocoussnnit
488 863 584 927 gaudia
623 865 729 913 Festus:
756 864 918 926 ‘Vesticaps
938 876 1012 925 puer,
1040 862 1083 925 qui
1100 862 1158 923 jam

56 937 129 989 roto?
144 940 181 989 D.
193 940 281 991 Helas
623 940 731 988 vestitus
742 947 782 988 est
794 940 944 1002 pubertate.
972 936 1085 986 Investis
1097 950 1159 985 con·

84 1019 114 1065 68
129 1016 170 1067 dd
186 1019 271 1066 summi
281 1016 469 1081 fastigisjuris]
486 1020 584 1068 Conso·
622 1016 679 1065 tra.¹

58 1091 130 1140 latum
147 1092 220 1142 dicit.
252 1094 336 1145 Quem
348 1094 409 1144 alibi
420 1102 524 1159 portum
537 1096 583 1144 lto·
653 1096 685 1141 7³
705 1093 836 1141 fulmineis
855 1091 983 1153 impellens,
1001 1088 1055 1152 tro]
1072 1089 1157 1150 Euge·

59 1179 140 1216 mm
150 1168 361 1221 omniumvoest.
622 1171 692 1219 nium
712 1170 785 1230 dicit,
805 1184 880 1234 quom
900 1180 1036 1231 perperam
1055 1165 1157 1215 Cassio·

85 1248 115 1293 70
130 1242 213 1293 ltalia
230 1246 279 1295 late
293 1246 438 1309 eufrata,
453 1247 507 1310 ito]
522 1249 583 1298 ,lons
622 1246 700 1293 (lorus
719 1245 800 1295 tradit
818 1246 857 1293 his
875 1244 1028 1293 Consulibus
1047 1241 1160 1292 debella·

60 1318 584 1388 loqoltnrdoPraefertural’ratorii,lso·
623 1332 686 1373 tum.
722 1326 786 1372 Com
798 1322 941 1373 Claudiano
954 1327 1027 1369 recte
1045 1319 1158 1381 ldatius,

59 1408 112 1445 sora
123 1403 178 1446 tum
189 1413 219 1448 re
238 1400 295 1462 lpsa
307 1400 512 1464 Imperatoribus
525 1417 583 1466 pro·
623 1402 757 1450 victoriam
778 1416 833 1448 earn
853 1401 878 1448 in
899 1414 992 1447 annum
1005 1411 1061 1446 xrs.
1073 1397 1158 1445 Theo·

59 1469 127 1519 nmo.
144 1470 225 1539 Itplls
236 1480 322 1523 autem
332 1490 383 1524 non
395 1477 501 1526 suberat
511 1477 583 1526 l'rm-
622 1477 687 1525 ‹losii
700 1477 839 1537 collocans,
857 1478 901 1539 qui
915 1488 987 1523 xvu.
999 1473 1106 1537 Imperii
1118 1471 1158 1520 sui

57 1542 120 1595 festo
138 1546 170 1597 P.
190 1547 300 1613 lllyrici,
320 1566 371 1616 quo
390 1553 494 1602 nomine
516 1554 583 1602 bona
622 1556 660 1602 uis
672 1554 761 1603 iisdem
771 1552 924 1603 Consulibus
933 1552 1054 1601 excessit.
1066 1550 1158 1598 Bortlr.

56 1629 175 1684 perseum
183 1624 292 1672 Romani
302 1627 408 1688 Imperll
419 1627 582 1677 censebatur.
622 1630 766 1692 Postquam
778 1641 842 1689 ergo
853 1629 1023 1686 Theodosius,
1040 1626 1158 1689 tyrannis

80 1702 112 1749 dl)
128 1700 261 1754 Quom
272 1700 369 1764 Africa]
386 1702 513 1752 Fertilera
525 1716 583 1764 par·
622 1705 740 1765 devictis,
750 1702 830 1765 Alpes
840 1703 922 1752 Julius
933 1700 1068 1764 patefecit.
1088 1701 1158 1749 Delr.

10 1778 13 1795 ¹
54 1778 100 1823 tens
110 1788 160 1838 pro
171 1774 291 1823 universo
301 1777 415 1825 Romana
426 1775 560 1841 iutelligit.
654 1785 685 1830 rt
702 1779 836 1842 Arignotus]
853 1778 1018 1827 Theodosius.

10 1836 16 1935 lp
79 1853 109 1898 dl
128 1848 193 1898 Nara·
213 1851 292 1899 cleers
311 1853 415 1915 putum]
449 1853 582 1917 (lptabllis
653 1863 685 1906 75
704 1857 798 1918 Dignus
823 1856 952 1918 persolrere
971 1851 1065 1914 grates]
1092 1851 1158 1899 Tum

10 1942 13 1997 g
53 1934 175 1991 grataque
187 1929 341 1990 parentibus
353 1930 468 1980 victoria.
623 1932 745 1996 temporis
764 1931 832 1980 enirn
851 1946 896 1993 pro
914 1931 1021 1992 proemio
1033 1927 1158 1976 obmaxi·

79 2002 176 2067 Solique
195 2007 327 2069 meream]
352 2007 411 2057 Nee
430 2009 495 2058 alios
514 2011 582 2059 eninr
623 2022 723 2058 orasses
731 2005 976 2071 gestasCousulatus
987 2004 1158 2054 tribuebatur.

10 2124 23 2145 ,
51 2087 251 2145 ortempestate
260 2083 434 2135 patriciorum
444 2087 583 2137 honoribus
623 2085 711 2134 Bortlr.

50 2156 166 2219 pluribus
178 2158 227 2207 lsoe
238 2159 295 2208 viro
306 2157 419 2211 functus.
438 2163 526 2212 Bartlt.
655 2165 687 2210 76
704 2161 754 2207 l’ro
766 2158 841 2221 restis]
860 2159 948 2206 Gnatis
959 2172 1025 2205 unsis
1036 2156 1158 2205 Pulmon-

78 2237 112 2282 dtl
131 2235 353 2299 o'mmta'gtrttti]
370 2239 441 2288 Naum
448 2239 584 2287 Medioeus
623 2238 656 2285 ni.
675 2237 711 2283 D.
725 2235 811 2283 Heius.

49 2314 75 2357 et
85 2310 235 2360 Palatinos.
268 2312 347 2375 Puto,
360 2329 423 2362 nrm.
443 2315 477 2362 l).
491 2314 584 2363 Heius.
656 2313 783 2361 Dornirsun
789 2311 898 2374 flemus]
917 2309 1042 2358 Consules
1054 2309 1158 2358 enimin
1173 2342 1177 2349 ·

80 2386 138 2434 Non
154 2388 257 2449 contigit
271 2389 319 2449 r'lli,
336 2388 391 2452 do]
417 2391 477 2440 Non
494 2391 585 2440 habuit
623 2405 717 2439 annum
734 2389 816 2438 futuri
836 2388 1038 2450 designabantur
1058 2387 1089 2436 ab
1110 2387 1160 2435 lm·

48 2459 157 2512 fratrem
168 2463 282 2526 Probus,
293 2466 337 2530 qui
351 2467 446 2515 virenti
457 2482 514 2516 aevo
525 2483 584 2517 curn
624 2465 796 2528 peratoribus,
814 2465 891 2512 missa
910 2463 1003 2512 trabea
1015 2463 1162 2516 Consulari.

49 2552 79 2587 eo
90 2547 199 2602 gereret
210 2541 387 2606 Consulatum,
405 2558 481 2606 quam
492 2544 585 2592 libero·
622 2543 775 2605 Exemplum
794 2541 873 2588 habes
895 2540 921 2587 iu
939 2540 1087 2589 Gratiarum
1108 2538 1161 2588 Aa·

50 2628 103 2664 rum
123 2613 281 2666 felicitatem
298 2618 373 2680 vidit,
388 2633 472 2684 eoquo
489 2619 584 2669 fruitus
623 2617 693 2665 tione
708 2616 815 2665 Ausonii
829 2617 861 2664 ad
875 2616 1040 2664 Gratianum.
1070 2616 1159 2664 Bortlr.

50 2700 97 2741 est.
117 2692 207 2742 Βακὰ.
654 2696 686 2739 77
704 2692 799 2739 Famula·
816 2706 921 2750 currum,
940 2689 994 2751 de]
1021 2692 1060 2738 De
1082 2704 1159 2739 curru

78 2768 227 2816 osl’n'ma
253 2769 311 2832 αι’]
345 2771 463 2820 Primum
493 2786 587 2834 sevum,
623 2767 718 2815 Martis
738 2765 855 2825 l‘amulos,
871 2765 927 2828 ejus
949 2766 1041 2825 soboli,
1061 2767 1162 2827 Rornae,

49 2844 133 2906 prima
143 2842 330 2894 adolescentia.
624 2841 750 2904 adjungit.
769 2842 837 2890 Vide
847 2840 941 2904 Papio.
955 2841 999 2890 lib.
1012 2854 1065 2890 vu.
1077 2841 1159 2890 Toeb.

79 2924 112 2968 65
130 2919 189 2967 Non
205 2921 280 2969 sexto
298 2926 407 2984 mentem,
425 2922 478 2985 dm]
502 2922 587 2971 Pusil·
624 2919 700 2967 Idem·

49 2996 201 3046 lenimitatis
218 2996 305 3047 index.
338 3000 399 3048 Nou
420 3001 487 3049 rotis
506 3000 587 3049 inani·
656 3000 688 3045 79
719 2997 820 3044 Romam
844 2994 998 3057 comitantur]
1031 2994 1176 3044 Dominam.

50 3070 96 3120 bus
106 3070 222 3135 perdere
240 3079 370 3121 momenta
385 3089 481 3137 rerum,
502 3090 588 3140 neque
625 3071 788 3121 Gronovius:
813 3079 842 3121 ut
854 3072 965 3120 alterum
978 3085 1010 3118 ex
1024 3072 1109 3134 glossa
1127 3072 1161 3122 sit

50 3146 237 3211 aggredismdis
245 3150 365 3198 cunctari
376 3157 500 3200 autumat.
521 3152 588 3214 ,Spes
625 3162 772 3210 rnocusum.
790 3149 824 3198 D.
837 3148 921 3197 Heius.

49 3225 116 3273 enim
136 3225 210 3273 inter
229 3239 341 3274 summos
357 3227 435 3275 animi
455 3233 588 3290 tyrannos.
657 3228 690 3272 80
708 3224 810 3287 Cuspide
831 3225 921 3287 tardet]
958 3225 1180 3275 luntritalluditn-

51 3300 119 3352 Hinc
128 3302 393 3354 JohAEaresburiens,
403 3305 437 3353 de
447 3306 531 3367 Nugis
539 3306 589 3355 cu.
625 3316 676 3364 que
687 3301 814 3363 picturam
827 3301 905 3365 urbis,
918 3316 975 3365 qoae
988 3303 1090 3351 hastata
1102 3316 1162 3365 pro·
1176 3338 1179 3343 .

49 3376 151 3426 rlslinm
162 3392 169 3426 ε
182 3376 297 3427 ‘Omnia
307 3385 377 3429 tutus
386 3381 588 3446 agit,quemnec
626 3376 738 3424 (lucitus.
759 3377 846 3424 Barth·

49 3466 107 3516 spes
119 3455 358 3519 neetlmorangit!
376 3458 462 3508 Barth.
508 3500 517 3520 ·.
658 3456 688 3500 sl
707 3451 824 3513 Sulljago
833 3451 917 3512 ferreo
929 3455 1013 3517 nectit]
1038 3453 1181 3517 lsingsini,

76 3532 112 3579 dd
127 3528 214 3591 Longo
231 3532 319 3592 tendit,
337 3534 391 3597 dfe]
413 3535 448 3582 Et
467 3541 496 3583 ut
514 3540 586 3584 recte
625 3528 694 3577 liber
712 3529 805 3578 mittit:
831 3530 899 3594 qnod
921 3531 1113 3592 Raplrelengius
1134 3535 1163 3578 et

49 3604 169 3669 Papinus
188 3604 244 3655 ait:
268 3608 353 3670 ‘Spes
374 3612 452 3658 anxia
473 3618 586 3660 mentem
626 3605 762 3652 Cluverius
779 3605 871 3655 secuti.
913 3605 1054 3668 Vulgatam
1073 3605 1163 3653 lectio·

49 3674 184 3743 Extrahit,
205 3689 232 3730 et
250 3683 327 3746 longo
346 3687 476 3736 consumit
494 3686 588 3750 guandiu
625 3695 683 3729 nam
693 3696 743 3730 non
754 3688 852 3731 temere
862 3683 981 3731 damnem
992 3698 999 3730 z
1009 3682 1052 3731 Sic
1062 3683 1071 3710 ‘
1081 3694 1162 3730 nexos

49 3755 132 3806 voto!
149 3757 310 3807 Delminum.
625 3758 657 3806 ad
666 3759 732 3822 juga
751 3759 826 3808 tarda
843 3759 941 3822 bores,'
962 3758 1078 3807 Avienus
1094 3755 1163 3806 dixit

79 3836 114 3883 m
131 3833 387 3899 Goepistis‚qou,lsc.]
405 3839 465 3890 Qua
482 3839 525 3887 alii
544 3841 588 3889 de.
625 3834 682 3885 fob.
693 3840 742 3901 32„
754 3844 781 3885 et
793 3835 846 3885 fab.
857 3841 896 3885 28.
914 3834 1064 3883 ‘cervicem
1075 3832 1163 3881 innec·
1228 3856 1231 3861 ·

48 3908 183 3973 stiterunt,
196 3910 292 3974 inquit,
303 3928 348 3961 vos
359 3913 536 3978 incipiebatis.
626 3911 800 3961 terearatro?
817 3919 907 3960 noster
921 3911 945 3959 N
948 3916 1005 3972 upt.
1017 3908 1161 3957 Celerinaet

81 3990 116 4036 dd
132 3986 332 4053 Quemnam]
358 3990 412 4044 Quo
431 3991 533 4041 omnino
552 3993 587 4041 le·
625 3989 739 4037 ‘Mollia
756 4003 901 4052 purpureas
929 3987 1074 4035 adnectunt
1086 3982 1161 4035 frena

48 4062 174 4127 geodnmt
184 4068 214 4113 et
223 4060 261 4114 'sie
271 4065 403 4114 Barthlns.
421 4066 456 4116 D.
468 4067 555 4116 Heios.
626 4065 777 4115 columbas:
799 4064 914 4127 Soljogo
925 4063 999 4113 sentit
1016 4063 1065 4126 pri.
1074 4061 1162 4114 Vatio.

80 4144 115 4190 ⁰⁹
131 4138 322 4204 Fra-tamus]
348 4142 438 4191 Prima
455 4142 544 4192 barbae
562 4158 589 4192 e·
625 4144 659 4192 D.
672 4143 759 4192 Heius.

47 4215 153 4282 raptim
171 4230 304 4284 qaam
317 4217 353 4269 sit
370 4217 484 4284 tenuior,
499 4219 588 4271 obom-
657 4222 689 4270 8³
709 4219 880 4285 prooidtl
889 4216 1084 4282 1⁸&er
1106 4217 1162 4275 0⁸¹
