2700 4702
211 293 299 371 'teus
396 315 505 366 norm
529 313 731 367 vauronuu
756 311 796 363 ru
820 300 880 362 οι.
903 312 1044 362 ousuu.
1068 313 1127 364 ur.

209 462 305 517 bantur
318 457 432 511 malefici
451 456 550 508 usuriis
562 463 607 507 aut
624 455 742 505 munibus
811 458 843 503 ol
860 455 919 503 Jaur
929 454 1068 518 amimea]
1091 454 1136 504 Sic
1147 452 1243 519 virgil.
1256 454 1316 506 AEu.

211 542 415 601 peremptorum.
449 535 484 583 Et
502 533 542 583 his
561 531 663 596 quidem
681 545 742 581 cou-
777 532 855 581 lun.
873 532 932 582 ‘cui
944 533 1032 582 tristia
1049 532 1119 583 bella
1139 531 1246 597 Iraeque
1255 531 1313 587 iusi

210 612 327 663 scientim
352 610 449 660 stimuli
481 608 671 666 describuntur,
697 605 742 670 qui
778 607 1224 671 diuqueatnoniacriminaourdi’

210 688 344 753 quiescere
361 702 411 736 non
431 687 528 747 sinunt,
538 684 582 734 sed
603 683 675 734 velut
688 697 742 731 ver·
810 688 842 733 6³
860 685 932 734 Flntu
944 686 1032 734 uiolare
1042 682 1116 746 diem]
1138 681 1254 733 Afflotus
1264 683 1312 732 Fu·

210 763 314 813 boribus
334 763 447 813 animum
464 760 608 822 lancinant,
618 772 651 807 ne
671 771 741 807 secu·
779 760 874 811 riarum
896 769 942 812 aut
959 761 1099 810 inferorum
1122 761 1193 811 diem
1216 759 1310 809 violem

209 855 255 901 rus
265 840 300 890 sit
311 839 394 889 ullibi.
778 837 941 888 credebatur.
958 837 1023 887 Vide
1035 836 1099 886 illud
1110 837 1145 886 de
1158 842 1238 900 ruptu
1250 835 1309 885 Pro·

243 915 355 979 lbcibua]
372 914 459 979 igneis
472 912 590 962 stimulis.
777 928 846 975 serp.
863 913 1017 977 ‘afflatuque
1030 911 1213 962 curruSidera
1223 911 1308 960 Taeua·

244 988 384 1054 cingimur]
401 989 547 1038 Armomur.
778 989 836 1038 rio!
868 991 966 1040 contro
984 991 1094 1053 offiotum
1111 987 1173 1036 lueis
1198 987 1309 1036 eoelestir

243 1067 346 1116 Facibus
365 1065 514 1128 nequicquam
538 1061 655 1123 cingimur
670 1058 743 1122 utris]
778 1063 854 1113 inferi
866 1078 916 1112 non
927 1064 1101 1126 patiebantur.
1118 1061 1210 1112 Bartb.

209 1142 364 1205 Aeeingimur
374 1141 742 1200 ‘ruiramus:utrumquem-0·
781 1159 784 1166 ·
810 1147 841 1191 05
860 1141 1308 1207 Etrmmvmnstam]1mecte

209 1220 271 1269 bum
298 1225 348 1268 est.
391 1216 521 1267 Videatur
544 1215 586 1262 bic
621 1206 743 1262 Boethius
779 1218 931 1267 Cluverius:
949 1233 997 1267 nec
1008 1216 1099 1279 scripti
1119 1216 1243 1266 meliores
1263 1216 1309 1264 dis·

210 1309 304 1359 magno
315 1291 510 1344 commentatio·
526 1290 561 1339 D·
574 1290 660 1337 Heius·
778 1293 904 1343 sentiunt.
938 1296 1080 1357 vulgatum
1094 1294 1178 1343 luxere
1188 1291 1252 1342 ferri
1263 1305 1308 1341 nou

242 1375 275 1420 50
293 1371 359 1426 Quos
377 1369 475 1430 Jupiter
486 1362 551 1414 urc'et
572 1363 683 1431 Olympq]
698 1363 742 1412 Sic
778 1377 876 1433 potest,
887 1368 956 1434 qnod
969 1369 1143 1433 praecesserit.
1161 1368 1309 1432 Aliilupsure

209 1445 363 1502 veterrimus
371 1443 506 1494 Lucensis:
519 1442 682 1499 ceteri‚cunn
691 1442 743 1489 vul·
779 1459 827 1507 pro
839 1447 926 1494 tonsore
937 1445 1014 1494 eriam
1027 1457 1077 1492 non
1088 1444 1165 1496 male,
1192 1444 1255 1492 Duo
1263 1449 1309 1492 tur·

211 1521 288 1583 gatis,
298 1521 420 1584 quuseoelo
438 1520 536 1582 Jupiter
553 1524 632 1568 arcet:
649 1519 687 1567 sic
703 1531 741 1567 tr.
779 1521 1072 1574 boresssarthiusluuure.
1086 1521 1309 1571 Vexundiuerbum

214 1598 291 1648 Cous.
309 1597 379 1646 Horu.
396 1595 546 1646 ‘sinceram
565 1596 651 1657 patrio
671 1607 744 1643 men·
779 1597 921 1647 Claudiano
932 1612 983 1646 uon
995 1611 1104 1646 novum:
1127 1596 1145 1645 l.
1159 1611 1177 1646 r.
1191 1598 1219 1646 iu
1232 1596 1310 1645 Srtttc.

210 1679 262 1722 tem
280 1672 382 1722 furatus
391 1671 505 1736 Olympo
517 1671 533 1721 ι’
552 1678 578 1720 ct
590 1685 659 1736 saepe
672 1669 741 1719 alibi.
779 1672 898 1721 denari:
915 1672 1044 1722 ‘Nubilus
1056 1672 1147 1734 AEgoeo
1167 1680 1247 1736 quatu
1264 1678 1311 1720 tur·

209 1748 285 1806 Idan.
778 1747 839 1810 bine
851 1747 1035 1798 vexatOriuo.’
1051 1747 1108 1797 Lib.
1117 1759 1149 1796 ιι.
1167 1745 1309 1797 ‘Ventum

241 1829 274 1875 51
293 1824 446 1887 Theudosius]
464 1825 517 1874 Pro
531 1822 700 1873 Theodosius.
778 1839 871 1888 corpus
883 1821 1151 1887 lacerircgui’dixit:
1169 1823 1214 1871 et‘
1227 1823 1309 1872 urbem

241 1906 274 1951 5³
293 1903 399 1966 Cumque
410 1902 471 1952 Fide
479 1899 578 1962 Pictos]
596 1901 664 1948 Duae
674 1888 741 1947 soross
777 1901 922 1964 legionibus
946 1897 1060 1961 vexare,’
1078 1899 1096 1947 l.
1105 1911 1149 1948 ιιι.
1170 1899 1231 1949 Lib.
1242 1913 1262 1948 1.
1279 1899 1309 1948 de

208 1991 248 2029 res
258 1977 386 2038 lustitiae,
398 1991 457 2025 uam
476 1982 535 2038 post
546 1988 651 2023 aureum
663 1989 741 2022 saccu-
777 1977 858 2040 Rupt.
875 1976 983 2026 ‘Obvia
999 1982 1109 2025 centeno
1128 1980 1251 2025 vexasset
1266 1974 1310 2023 ful·

208 2053 260 2108 lum
273 2068 330 2102 cum
341 2053 373 2101 iis
386 2053 418 2101 ad
431 2053 524 2101 coelum
544 2050 638 2100 abiisse
656 2050 740 2113 pob'tae
778 2051 847 2099 mina
864 2050 953 2100 motu!
978 2049 1048 2100 Ibid.
1073 2051 1128 2100 ‘Et
1146 2050 1220 2099 uullo
1238 2049 1309 2114 rigidi

207 2127 355 2183 linxerunt:
373 2128 493 2178 Juvenal.
506 2127 562 2176 Sat.
582 2127 740 2175 v1.:‘Pau·
777 2130 908 2179 verebere
930 2129 1039 2179 vomeris
1061 2128 1136 2179 ictn.’
1169 2129 1215 2178 Sic
1239 2136 1308 2179 vetus

206 2205 280 2271 latim
293 2204 387 2253 deiude
408 2202 441 2251 ad
462 2217 567 2265 superos
579 2201 682 2250 Astraea
701 2216 740 2250 re·
777 2204 852 2255 liber.
866 2205 934 2254 bello
952 2205 1057 2266 Getico,
1073 2203 1160 2256 ‘Quid
1173 2204 1276 2267 mirum,
1289 2204 1309 2253 si

154 2315 157 2322 f
206 2280 295 2342 cessit,
303 2279 361 2328 Huc
371 2279 476 2340 comite,
488 2284 566 2342 atquc
576 2278 632 2327 dum
642 2278 740 2341 pariter
777 2294 857 2343 regua
867 2281 941 2330 labor
952 2282 1070 2331 mortalia
1080 2288 1160 2331 vexet
1168 2279 1187 2333 i'
1207 2282 1274 2331 unde
1284 2287 1309 2330 et

204 2352 297 2416 fugere
310 2354 428 2402 sorores!
778 2363 887 2418 apparet
897 2355 965 2405 infre
976 2356 1043 2405 libro
1054 2370 1088 2406 tr.
1102 2359 1110 2384 ‘
1123 2356 1209 2406 Solito
1222 2370 1307 2420 pacem

238 2429 410 2492 Altarcrnire]
430 2429 524 2477 Erecto
537 2428 739 2491 auimo‚etsuc·
777 2444 873 2480 vexare
903 2430 1033 2492 turnultu‚'
1056 2446 1146 2481 veram
1173 2433 1308 2483 lectionem

206 2507 319 2574 uersibus
331 2523 415 2556 rerum
428 2505 585 2559 confidente.
617 2509 706 2558 Bortlr.
777 2519 842 2561 esse.
874 2506 996 2559 Adeutur
1006 2507 1040 2559 Α.
1057 2508 1160 2557 Gellius
1172 2509 1254 2560 Noct.
1265 2508 1309 2558 At·

237 2589 268 2633 55
286 2580 403 2647 Liquidum
419 2599 462 2646 per
472 2586 554 2648 ourua]
578 2584 676 2633 Coelum
693 2599 739 2648 pu·
776 2581 819 2631 tic.
831 2591 863 2632 11.
882 2587 905 2633 6.
938 2585 1014 2648 plura
1034 2583 1096 2633 alibi
1116 2584 1245 2636 dicemus.
1276 2585 1307 2634 D.

206 2672 272 2726 nuru,
285 2659 352 2721 quod
369 2658 485 2709 invidens
496 2659 575 2708 Furia
586 2673 739 2708 commemo·
775 2657 863 2708 Heium

205 2740 254 2783 rut.
286 2731 331 2783 Sic
343 2733 436 2782 Horat.
452 2731 648 2782 ‘FerarPenna
659 2733 738 2783 bifur·
807 2738 840 2784 66
860 2735 893 2783 Et
909 2740 984 2786 tortos
1000 2741 1142 2800 serpentum,
1160 2735 1217 2800 dra]
1243 2735 1306 2785 Vide

204 2808 252 2859 tuis
264 2823 312 2872 per
325 2804 451 2872 liquidum
462 2804 579 2872 retbere!
597 2808 672 2857 Idem.
774 2809 847 2872 Virg.
856 2811 1002 2863 AEneid.vt.
1018 2813 1025 2840 ‘
1038 2812 1236 2876 Quinquaginta
1246 2810 1306 2861 utris

236 2889 269 2933 56
284 2884 308 2933 Α
319 2882 406 2947 stirpe]
423 2882 465 2932 Ab
477 2891 505 2932 et
522 2897 580 2932 cum
592 2883 655 2945 ipsis
672 2882 738 2932 redi·
773 2883 892 2934 immunis
902 2886 1015 2936 hiatibus
1024 2887 1124 2951 hydra?
1188 2916 1192 2922 ·

205 2958 290 3028 pibus.
323 2960 399 3008 Idem.
807 2961 995 3024 Hiatuatortoa]
1012 2963 1064 3012 Pro
1085 2963 1162 3013 tortis
1185 2962 1307 3028 serpenti·

208 3060 213 3088 ·.
234 3040 266 3083 67
286 3033 550 3096 Tenebrosoecorcere]
574 3031 736 3085 Saue'i'beo·
774 3030 822 3085 buu
843 3036 917 3099 dixit,
939 3039 983 3101 qui
1000 3039 1071 3089 hiatu
1093 3039 1177 3089 orium
1197 3041 1306 3090 maxime

202 3108 274 3172 ‹iosiu
292 3109 410 3171 principe
420 3106 536 3159 refloruit
547 3111 736 3174 quodammodo
774 3109 907 3164 timentur.
941 3113 1031 3161 Bortb.

205 3184 332 3248 Respubl.
353 3186 484 3244 Romana:
502 3186 570 3235 unde
583 3186 657 3236 alibi:
673 3190 736 3251 ‘po·
808 3185 891 3235 Tortor
907 3192 1042 3250 serpentum
1058 3188 1139 3237 erexit
1157 3189 1251 3255 liuius]
1265 3190 1306 3240 Itu

200 3266 265 3307 nunt
291 3258 423 3308 caniciem
450 3261 529 3322 leges,
557 3261 736 3311 emendantur·
774 3259 845 3323 prior
856 3262 1109 3313 LeiduuusPetev.
1119 3269 1149 3314 et
1160 3264 1305 3325 Oxumoou

200 3348 252 3398 qne
280 3341 404 3399 venustae,
432 3334 621 3401 Acceduntque
644 3336 736 3387 ouum!
772 3340 840 3385 totos.
854 3337 938 3387 Furiis
951 3344 1033 3387 tortos
1042 3339 1305 3403 anguesapoe'tisda·

202 3409 280 3460 Idem·
772 3410 918 3460 riobvium.
946 3411 1061 3462 Ouidio
1071 3412 1147 3462 Ibin:
1165 3414 1305 3480 ‘Quasque

235 3483 364 3532 Teuebroso
383 3499 396 3533 e
416 3501 511 3535 currere
529 3487 603 3548 leges]
637 3487 735 3551 Scripti
771 3486 861 3538 ferunt
880 3495 949 3538 torto
971 3490 1071 3539 vittatis
1099 3505 1184 3554 ungue
1208 3493 1304 3557 capillis

200 3571 251 3608 uon
275 3559 457 3623 agnoscuntur
478 3578 510 3611 e:
528 3563 624 3625 primus
648 3569 734 3614 tamen
772 3563 891 3613 Carceris
903 3564 1026 3614 obscuras
1038 3573 1099 3616 ante
1111 3567 1206 3616 sedere
1216 3567 1302 3618 fores!

199 3635 286 3686 Votic.
308 3637 403 3701 aliique
422 3640 567 3702 complures
588 3640 614 3689 in
632 3656 733 3690 currere.
771 3640 806 3689 Et
814 3639 1221 3708 alibideTisipboue,‘tortoque
1229 3645 1305 3694 inciu-

200 3709 233 3760 D.
247 3711 337 3760 Heius.
770 3717 838 3779 gitur
849 3720 958 3782 anguet’
974 3719 1104 3783 quomodo
1119 3727 1148 3770 et
1164 3721 1198 3772 de
1216 3724 1304 3775 eadem

232 3791 265 3835 ⁶8
283 3788 418 3851 induemur]
443 3789 504 3839 Siue
515 3790 604 3853 vigore
616 3799 661 3841 aut
680 3792 733 3856 glo·
770 3791 905 3859 Virgilius,
922 3796 1076 3859 ‘tortosque
1095 3795 1202 3847 sinistra
1218 3798 1305 3848 luteu-

200 3860 249 3911 ria.
771 3875 829 3919 taus
837 3871 952 3934 angues‚'
969 3879 999 3920 ut
1010 3872 1167 3922 vetustiores
1175 3873 1237 3925 libri
1247 3875 1304 3927 scri·

206 3934 265 4007 [oo
283 3939 349 3995 Quid
364 3939 448 4012 surim
467 3941 560 4004 decent]
587 3943 658 3992 Mala
677 3944 732 3995 scil.
770 3945 843 3996 bunt.
876 3947 976 3997 Seneca
1003 3948 1127 4011 Thyeste,
1153 3951 1245 4005 ‘Quid
1262 3965 1305 4002 ora

200 4015 295 4091 omnia,
305 4016 340 4064 nil
352 4018 456 4066 omnino
468 4019 586 4081 probum.
769 4027 852 4070 terres
860 4023 978 4085 verbere,
995 4034 1022 4072 et
1034 4032 1115 4073 tortos
1132 4023 1210 4075 ferox
1223 4027 1305 4077 Miuu-

178 4133 181 4138 .
232 4093 263 4138 61
283 4093 414 4156 conuentu]
435 4095 562 4161 Concilio,
581 4111 625 4149 seu
647 4098 732 4161 potius
770 4099 805 4150 ris
823 4113 919 4163 angues
928 4099 946 4148 ἒ·
971 4100 1077 4165 Medea,
1095 4102 1208 4169 ‘agmen
1227 4101 1324 4159 iulum.

201 4165 330 4239 conlurIe.
348 4169 438 4220 Burri.
770 4187 831 4234 uum
850 4172 1072 4249 iacesluteutetz
1095 4175 1189 4242 iugem
1215 4178 1306 4251 augutu
