2700 4702
210 293 298 389 lilii
393 306 502 356 noris
525 306 726 367 vistonort
750 306 792 357 tn
816 308 874 357 cu.
897 305 1036 372 cisun.
1061 307 1128 357 xv.

244 449 340 512 Moris]
356 448 462 514 Syllaba
473 450 594 499 notanda.
627 449 743 512 Inan·
780 465 870 516 puram
887 451 1016 501 indueret.
1050 451 1147 500 Exstat
1158 464 1273 500 nummus
1283 466 1304 500 e·

207 524 268 575 titt:
287 525 401 574 ‘Mariae
419 525 464 574 sed
486 526 542 574 luco
562 526 671 575 minores
692 528 743 575 Eli·
775 526 821 590 jus
844 526 937 576 facient
961 524 1103 587 praeferens
1125 541 1184 574 curn
1206 527 1256 576 hac
1275 528 1306 575 in-

211 599 250 662 1it
260 599 384 648 ornatus!
417 599 578 650 Prudentius
590 601 744 664 Psychoma-
780 601 933 665 scriptione,
952 602 1003 651 Dr.
1020 603 1118 651 Firmus
1141 601 1172 649 Ρ.
1193 602 1223 649 F.
1244 600 1305 650 Aua.

210 672 285 723 cisia:
306 673 384 722 ‘Nec
397 688 454 722 tucn
473 682 531 737 post
551 676 661 725 Mariam
676 679 744 740 potis
781 677 859 727 Hunc
879 678 1039 727 Theodosius
1060 692 1148 727 comes
1168 678 1307 727 debellavit.

210 762 238 798 es
246 746 408 812 perfringere
416 750 495 812 juro.5
513 751 602 798 Burtls.
782 753 876 802 Closer.

242 829 291 874 330
313 825 426 874 Derictos
448 827 558 890 trusum]
585 826 609 876 Α
629 827 743 878 Theodo-
816 827 1085 892 Firmnmmjueerttem]
1101 828 1306 889 Trcsfrutremm.

208 899 240 950 tii
251 901 461 965 precessoribus.
495 902 742 954 l'itleAmmianum.
781 916 839 951 curn
851 904 954 962 atussa,
966 904 1083 952 Firmum.
1101 904 1137 952 D.
1149 903 1243 952 Heius.

209 975 287 1037 Idem·
812 983 859 1028 335
878 981 969 1030 Rursus
985 980 1083 1043 tutent]
1107 980 1189 1030 Arest
1208 981 1307 1044 corrigit

242 1052 358 1102 Deoictor
368 1053 445 1103 tenuit
455 1054 549 1119 fiducia
565 1056 677 1119 Mauros]
693 1057 743 1106 De·
779 1057 899 1106 secundis
910 1058 978 1105 curis
989 1056 1122 1109 sarsurus
1144 1058 1222 1110 tuem.

209 1129 279 1181 aistis
301 1130 388 1178 tumuit
404 1129 497 1194 fiducia
517 1132 613 1180 Montio
633 1133 742 1196 Gyrsld.
811 1133 904 1182 Rursus
922 1133 1002 1196 noent]
1028 1133 1174 1194 Conantur,
1196 1133 1308 1197 cupiunt·

209 1212 336 1269 excerpta
350 1207 426 1266 Lmti,
435 1213 462 1256 et
472 1207 619 1270 quindecim
630 1209 684 1270 alii,
695 1209 743 1258 nisi
778 1222 829 1272 qne
849 1216 968 1271 tangere,
986 1206 1113 1271 nobisque
1131 1214 1251 1273 ereptam
1265 1208 1308 1258 sibi

210 1281 280 1346 qnod
292 1282 318 1330 in
330 1283 413 1346 Regio
432 1285 557 1335 dementis.
590 1286 687 1334 Noster
698 1286 743 1334 ali·
778 1283 919 1334 vindicare.
935 1283 1025 1332 Bortls.

209 1350 253 1406 bt:
272 1357 410 1407 ‘Tantone
430 1373 484 1419 vos,
499 1360 592 1423 inquit,
612 1361 698 1410 Getici
714 1360 743 1410 tu
811 1365 860 1411 336
879 1361 995 1409 Germani
1014 1374 1057 1410 stet
1071 1359 1132 1421 fotu
1149 1361 1232 1424 timet]
1256 1362 1308 1410 Fuit

209 1424 288 1482 tiocia
300 1434 361 1482 belii
374 1434 481 1497 Erigit?
499 1436 558 1484 hinc
577 1437 661 1485 animo
678 1437 743 1488 frus·
778 1437 846 1485 enirn
868 1435 946 1485 Gildo
969 1434 1053 1484 frater
1068 1436 1139 1485 illius
1160 1437 1252 1501 Firmi,
1269 1435 1307 1501 qui

209 1518 252 1561 trs
263 1512 390 1561 tumuistis
402 1513 495 1562 tnautt’
512 1516 571 1564 Vat.
582 1517 670 1567 Flacc.
690 1519 708 1566 t.
721 1533 740 1568 t.
777 1526 827 1567 non
845 1511 914 1561 futttt
934 1512 1012 1572 tuno,
1030 1513 1057 1560 iu
1069 1509 1166 1561 Africa
1182 1513 1306 1562 Romanos

206 1586 215 1652 ⁸.
227 1587 280 1637 Sed
293 1601 343 1636 non
355 1594 450 1650 sponte
458 1587 537 1653 feror,
546 1605 594 1640 nec
604 1607 672 1641 nunc
681 1593 741 1642 milti
777 1589 915 1652 appetivit.
935 1588 1097 1649 Ammianus,
1107 1590 1126 1638 l.
1140 1603 1224 1640 xxix.
1240 1592 1308 1640 idem.

204 1663 316 1728 jungere
327 1671 427 1713 montes
441 1665 517 1714 Mens
530 1668 631 1717 tumet!
663 1670 741 1721 Quod
810 1667 858 1712 337
882 1665 1001 1727 1414113111
1027 1664 1112 1727 mex]
1146 1664 1309 1717 Accuratissi'·

207 1741 234 1789 in
246 1746 324 1790 tumen
335 1740 432 1803 frustra
442 1751 554 1805 mutant,
569 1746 614 1794 lib.
626 1759 657 1797 tt.
673 1748 741 1797 ‘nec
778 1755 834 1789 mus
853 1740 966 1802 scriptor
988 1739 1082 1788 alludit
1102 1740 1245 1790 militarem
1263 1740 1310 1788 vul·

207 1817 276 1866 euim
288 1818 355 1866 alma
366 1817 449 1867 videri
459 1819 520 1869 Jam
533 1828 626 1878 tumet,
646 1828 690 1871 aut
703 1830 740 1872 te.
778 1821 821 1865 tus
833 1817 986 1866 torvitatetn
1002 1815 1029 1864 in
1045 1815 1148 1866 seniore
1159 1816 1307 1866 Theodosio.

207 1893 259 1942 reti
281 1894 380 1942 crinem
399 1895 562 1945 subnectitur
584 1898 664 1947 auro!
697 1899 741 1947 Its
778 1892 856 1941 1141111·

206 1968 291 2017 locnm
305 1969 497 2020 usitatissimum
507 1972 687 2036 corrigendum
695 1990 741 2037 pu·
811 1972 859 2017 338
876 1970 956 2017 Meam
967 1967 1086 2031 nmirum]
1110 1969 1200 2019 Etittm
1211 1976 1307 2020 tenuem

208 2051 244 2099 to.
273 2046 369 2096 Noster
379 2047 453 2096 initio
466 2049 541 2098 (lons.
553 2051 634 2100 lilani.
647 2052 655 2079 ⁴
670 2052 740 2114 plau·
778 2045 901 2108 speciem.
919 2046 994 2094 Ideru.

206 2134 270 2169 sure
289 2126 372 2169 tumet
391 2122 535 2172 clarescere
556 2124 652 2187 vulgit'
678 2141 739 2189 quo·
809 2120 1307 2186 3446111111]Οα1ωειῒῑὶηωρίιεηῑὶιιω

206 2194 284 2243 modo
295 2201 368 2244 vetus
379 2195 454 2246 liber.
473 2198 571 2247 Statius
586 2199 741 2265 Acltilleide,
777 2196 873 2245 laureis
885 2196 974 2245 cincti.
992 2196 1068 2246 Idem.

204 2270 252 2319 lib.
273 2285 292 2320 t.
310 2286 349 2320 vs.
368 2276 424 2322 348.
448 2273 606 2338 ‘vestesque
629 2278 739 2326 latentes
810 2274 858 2320 346
875 2270 999 2334 Diilme]
1015 2272 1100 2333 Bene,
1121 2271 1170 2334 ait,
1189 2271 1236 2321 tibi
1253 2286 1308 2320 con·

206 2344 324 2400 Diducit,
344 2361 513 2411 sparsumque
534 2355 617 2400 tumet
636 2366 739 2415 compo.
777 2346 919 2407 suluerunt,
931 2361 1019 2408 parem
1029 2362 1096 2396 meas
1108 2348 1217 2406 gloriam
1229 2345 1307 2395 confe-

206 2432 269 2466 ncro
290 2418 404 2468 crinem!
423 2423 461 2467 ita
478 2430 589 2467 testatur
606 2442 633 2469 so
651 2429 676 2470 tn
698 2443 739 2472 vo·
777 2426 873 2479 rentes,
889 2420 959 2479 dum,
977 2416 1062 2466 aetatis
1081 2425 1156 2469 tanto
1177 2422 1260 2485 spatio
1276 2422 1309 2469 in-

210 2493 378 2545 iustocodice
387 2493 514 2543 invenisse
527 2496 567 2544 Cl.
575 2494 738 2547 Gronovius:
777 2489 933 2552 tellabessleu
943 2491 1050 2541 alierum
1063 2508 1099 2542 01
1118 2493 1242 2545 44114ῐί41111
1253 2497 1308 2544 milti

205 2571 306 2634 vulgati
317 2572 412 2618 studet.-
430 2572 504 2619 sicet
515 2570 619 2631 fremere
632 2587 689 2621 cum
701 2574 739 2622 in.
777 2563 906 2631 dederunt
917 2567 1254 2632 triumphandum‚alterum
1262 2587 1309 2622 ser·

205 2645 306 2697 finitive
317 2646 387 2709 apud
400 2647 511 2696 eundem
522 2648 634 2697 Sturium
653 2650 738 2698 Achil.
776 2647 870 2690 varuut
882 2640 937 2691 tibi.
953 2641 1072 2702 Triginta
1081 2645 1191 2694 circiter
1201 2647 1307 2695 anniltas

203 2720 292 2773 leide:
311 2728 378 2772 ‘non
387 2723 586 2787 asperapraebet
597 2725 651 2774 Ora
660 2727 738 2789 lupis,
775 2718 897 2766 victorias
910 2722 968 2765 sunt
979 2715 1126 2781 interlipsi.
1144 2720 1222 2771 Idem.

205 2799 354 2866 dominique
366 2798 455 2849 fremit
471 2801 589 2862 captivus
609 2801 674 2849 inire
687 2803 737 2850 Im·
808 2797 855 2841 348
872 2794 957 2856 Dixit,
969 2797 992 2842 ei
1005 2793 1112 2858 affictas]
1134 2796 1156 2844 A
1154 2796 1237 2859 ffutss
1247 2797 1308 2846 Liui·

204 2875 296 2939 peria,'
331 2875 459 2939 qttomodo
489 2882 562 2925 vetus
596 2879 737 2941 exemplar,
775 2869 848 2917 neitts
861 2868 927 2918 notis
943 2869 968 2917 in
980 2869 1149 2932 Propertium
1163 2872 1306 2937 legijtlbei.

203 2945 425 3014 inultialiigemit.
442 2952 540 3015 vulgati
552 2958 632 3014 negat,
651 2955 737 3014 vulga.
775 2945 903 3010 quomodo
921 2952 948 2994 et
968 2946 993 2994 ln
1011 2960 1056 2995 orti
1077 2947 1178 2997 codicis
1194 2950 1307 2999 solident

204 3036 259 3081 tum
270 3031 346 3078 tenuit
357 3029 451 3093 fidutia
463 3030 562 3076 Mauros
580 3043 612 3076 ex
623 3029 667 3077 illo
678 3030 738 3078 Vir·
774 3025 885 3070 1141434114·
902 3020 970 3084 (1444444
988 3020 1149 3071 ’4404043444
1171 3023 1236 3073 libel
1253 3039 1307 3074 ⁰⁰¹¹·

203 3105 299 3168 gilieno
309 3111 396 3167 potest
405 3103 736 3168 defendi,AEneid.primot
773 3095 868 3147 44411114·
885 3098 1223 3152 114444111341111441114141111θ11·
1252 3105 1308 3152 Um·

202 3179 338 3229 ‘Tantane
359 3194 404 3228 vos
422 3180 523 3240 generis
545 3180 629 3229 tenuit
641 3179 737 3229 fidncia
774 3171 962 3232 4183144413),
977 3174 1034 3226 ffiss·
1046 3188 1072 3224 v·
1090 3175 1225 3242 ‘Jamque
1245 3180 1305 3227 vale.

203 3254 283 3302 vestri
292 3253 308 3302 i'
329 3255 363 3302 D.
375 3255 461 3302 Heius.
775 3255 880 3313 torquet
898 3249 995 3298 medios
1017 3264 1068 3298 nox
1087 3251 1196 3302 humida
1214 3269 1306 3316 cursus,

235 3332 282 3378 331
302 3329 416 3390 Comeret
428 3329 454 3378 irs
465 3328 544 3391 ormo]
562 3331 603 3380 Ne
614 3330 735 3380 videatur
774 3323 810 3372 Et
821 3339 861 3372 me
874 3325 1039 3390 saevusequis
1050 3324 1150 3377 Oriens
1163 3327 1261 3379 afflavit
1269 3346 1307 3378 an·

201 3404 295 3455 bellum
315 3405 458 3467 legitimum
478 3418 628 3469 agnoscere,
646 3407 734 3469 conju·
774 3398 847 3450 413444·
863 3400 995 3461 [44441143
1014 3407 1041 3450 114
1060 3407 1155 3452 43111118
1173 3403 1305 3470 4118431111

202 3495 274 3531 rasse
285 3481 357 3530 dicit.
378 3481 463 3530 Bortlt.
773 3472 868 3539 fumus,
879 3475 906 3524 in
923 3476 1016 3526 struas!
1034 3492 1091 3541 quae
1108 3486 1202 3531 noster
1222 3483 1306 3546 procul

181 3552 283 3606 Ἰ333
299 3557 430 3618 Progenies
445 3556 620 3619 vesanarum]
645 3559 734 3607 Numi·
773 3552 989 3618 dubiorespexit.
1023 3556 1164 3620 Itlylliode
1178 3560 1306 3620 Phoenice,

201 3631 248 3681 das
260 3632 330 3681 dicit
364 3631 459 3694 Populi
478 3633 546 3680 enim
563 3633 664 3696 Regum
677 3648 734 3682 suo.
773 3629 1115 3693 ‘longeqnecornscisNox
1128 3633 1307 3685 afflatarotit!

199 3721 258 3758 runt
269 3708 370 3756 soboles
384 3707 561 3769 perhibentur.
582 3711 657 3760 litem.
772 3705 806 3755 D.
818 3707 906 3757 Heius.

233 3787 281 3832 333
300 3785 436 3832 Firmumne
446 3784 578 3846 potentem]
603 3785 681 3833 Firmi
694 3801 732 3834 re·
806 3787 854 3833 349
887 3785 1003 3834 immutuit
1005 3785 1043 3849 ss]
1097 3789 1306 3855 Praegrantiilnts.

200 3858 340 3910 bellioncm
362 3858 441 3906 ltabes
470 3859 540 3920 apud
569 3859 731 3911 Ammianum
771 3858 858 3908 Bartlt.

200 3934 392 3998 Marcellinum,
413 3935 459 3984 lib.
478 3949 556 3985 xxix.
590 3937 731 4003 Zosimnm,
803 3936 1037 4001 354Sutteteputer]
1051 3938 1223 3992 Venerando.
1235 3943 1303 3991 itm

200 4008 244 4087 lib
256 4023 293 4058 tv
311 4010 386 4059 Idetu.
802 4017 851 4062 353
871 4014 962 4063 Venatus
973 4029 1069 4075 cingere
1079 4019 1170 4081 tultus]
1191 4019 1303 4070 Visustie·

208 4080 384 4148 Firmumne]
408 4087 460 4135 Hic
478 4094 602 4151 tyrannus
620 4089 731 4139 edeofi-
768 4088 972 4148 stringeremltss
987 4091 1062 4154 prim.
1074 4093 1164 4143 Vatic.
1178 4095 1269 4158 isingr.
1278 4097 1302 4141 et

200 4155 402 4214 tlenssmmtvel
413 4163 549 4228 impudens
559 4163 620 4231 furt
630 4174 658 4216 ut
670 4180 731 4232 pur
769 4165 880 4231 quinque
900 4165 943 4215 alii
962 4180 995 4215 ex
1016 4168 1124 4249 uostris.
1160 4171 1241 4222 Latet
1260 4168 1301 4246 uli·
