<?xml version="1.0" encoding="UTF-8"?>
<!DOCTYPE html PUBLIC "-//W3C//DTD XHTML 1.0 Transitional//EN"
    "http://www.w3.org/TR/xhtml1/DTD/xhtml1-transitional.dtd">
<html xmlns="http://www.w3.org/1999/xhtml" xml:lang="en" lang="en">
 <head>
  <title>
</title>
<meta http-equiv="Content-Type" content="text/html;charset=utf-8" />
  <meta name='ocr-system' content='tesseract 3.04.00' />
  <meta name='ocr-capabilities' content='ocr_page ocr_carea ocr_par ocr_line ocrx_word'/>
</head>
<body>
  <div class='ocr_page' id='page_1' title='image "./claudiiclaudian01claugoog_0319.png"; bbox 0 0 2700 4702; ppageno 0'>
   <div class='ocr_carea' id='block_1_1' title="bbox 120 249 1021 347">
    <p class='ocr_par' dir='ltr' id='par_1_1' title="bbox 120 249 1021 347">
     <span class='ocr_line' id='line_1_1' title="bbox 120 249 1021 347; baseline -0.012 0"><span class='ocrx_word' id='word_1_1' title='bbox 120 276 208 347; x_wconf 78' lang='lat'>1290</span> <span class='ocrx_word' id='word_1_2' title='bbox 315 290 425 341; x_wconf 75' lang='lat' dir='ltr'><strong>nore</strong></span> <span class='ocrx_word' id='word_1_3' title='bbox 447 249 648 341; x_wconf 83' lang='lat' dir='ltr'><strong>vsarouun</strong></span> <span class='ocrx_word' id='word_1_4' title='bbox 674 291 712 340; x_wconf 85' lang='lat' dir='ltr'><strong>rn</strong></span> <span class='ocrx_word' id='word_1_5' title='bbox 739 290 797 342; x_wconf 86' lang='lat' dir='ltr'><strong>on.</strong></span> <span class='ocrx_word' id='word_1_6' title='bbox 820 288 961 340; x_wconf 85' lang='lat' dir='ltr'><strong>onsun.</strong></span> <span class='ocrx_word' id='word_1_7' title='bbox 986 280 1021 338; x_wconf 74' lang='lat' dir='ltr'><strong>v.</strong></span> 
     </span>
    </p>
   </div>
   <div class='ocr_carea' id='block_1_2' title="bbox 118 432 1223 1104">
    <p class='ocr_par' dir='ltr' id='par_1_2' title="bbox 118 432 1223 1104">
     <span class='ocr_line' id='line_1_2' title="bbox 118 432 1215 499; baseline -0.003 -14"><span class='ocrx_word' id='word_1_8' title='bbox 118 432 370 499; x_wconf 82' lang='lat' dir='ltr'><strong>rastqnelaborss.&#39;</strong></span> <span class='ocrx_word' id='word_1_9' title='bbox 402 432 492 482; x_wconf 75' lang='lat' dir='ltr'><strong>Baetis.</strong></span> <span class='ocrx_word' id='word_1_10' title='bbox 689 433 749 485; x_wconf 82' lang='lat' dir='ltr'><strong>nior.</strong></span> <span class='ocrx_word' id='word_1_11' title='bbox 770 435 804 485; x_wconf 88' lang='lat' dir='ltr'><strong>D.</strong></span> <span class='ocrx_word' id='word_1_12' title='bbox 817 433 909 483; x_wconf 85' lang='lat' dir='ltr'><strong>Heius.</strong></span> <span class='ocrx_word' id='word_1_13' title='bbox 1211 451 1215 460; x_wconf 95' lang='lat'>·</span> 
     </span>
     <span class='ocr_line' id='line_1_3' title="bbox 153 505 1218 573; baseline -0.002 -12"><span class='ocrx_word' id='word_1_14' title='bbox 153 516 201 561; x_wconf 74' lang='grc'><strong>326</strong></span> <span class='ocrx_word' id='word_1_15' title='bbox 220 509 330 573; x_wconf 80' lang='lat' dir='ltr'><strong>Gremio]</strong></span> <span class='ocrx_word' id='word_1_16' title='bbox 362 510 443 559; x_wconf 86' lang='lat' dir='ltr'><strong>Velut</strong></span> <span class='ocrx_word' id='word_1_17' title='bbox 464 509 543 559; x_wconf 84' lang='lat' dir='ltr'><strong>vestis</strong></span> <span class='ocrx_word' id='word_1_18' title='bbox 563 509 651 573; x_wconf 80' lang='lat' dir='ltr'><strong>aliquo</strong></span> <span class='ocrx_word' id='word_1_19' title='bbox 721 513 770 557; x_wconf 82' lang='grc'><strong>333</strong></span> <span class='ocrx_word' id='word_1_20' title='bbox 791 509 848 558; x_wconf 84' lang='lat' dir='ltr'><strong>Vise</strong></span> <span class='ocrx_word' id='word_1_21' title='bbox 857 508 932 571; x_wconf 78' lang='lat' dir='ltr'><strong>loqui]</strong></span> <span class='ocrx_word' id='word_1_22' title='bbox 949 505 1154 570; x_wconf 78' lang='lat' dir='ltr'><strong>Anotrspottss.</strong></span> <span class='ocrx_word' id='word_1_23' title='bbox 1169 505 1218 560; x_wconf 80' lang='lat' dir='ltr'><strong>Ne·</strong></span> 
     </span>
     <span class='ocr_line' id='line_1_4' title="bbox 120 583 1219 651; baseline 0 -17"><span class='ocrx_word' id='word_1_24' title='bbox 120 585 218 651; x_wconf 63' lang='lat' dir='ltr'><strong>gremio</strong></span> <span class='ocrx_word' id='word_1_25' title='bbox 245 585 387 635; x_wconf 85' lang='lat' dir='ltr'><strong>involvens.</strong></span> <span class='ocrx_word' id='word_1_26' title='bbox 438 585 536 635; x_wconf 71' lang='lat' dir='ltr'><strong>Gremio</strong></span> <span class='ocrx_word' id='word_1_27' title='bbox 563 592 652 636; x_wconf 88' lang='lat' dir='ltr'><strong>noster</strong></span> <span class='ocrx_word' id='word_1_28' title='bbox 689 589 730 633; x_wconf 87' lang='lat' dir='ltr'><strong>tat</strong></span> <span class='ocrx_word' id='word_1_29' title='bbox 741 584 863 648; x_wconf 88' lang='lat' dir='ltr'><strong>loquendi</strong></span> <span class='ocrx_word' id='word_1_30' title='bbox 879 599 976 633; x_wconf 88' lang='lat' dir='ltr'><strong>morem</strong></span> <span class='ocrx_word' id='word_1_31' title='bbox 994 583 1028 633; x_wconf 89' lang='lat' dir='ltr'><strong>ad</strong></span> <span class='ocrx_word' id='word_1_32' title='bbox 1045 583 1219 647; x_wconf 76' lang='lat' dir='ltr'><strong>praestantius</strong></span> 
     </span>
     <span class='ocr_line' id='line_1_5' title="bbox 121 659 1219 724; baseline -0.002 -13"><span class='ocrx_word' id='word_1_33' title='bbox 121 675 244 711; x_wconf 75' lang='lat' dir='ltr'><strong>mmmarn</strong></span> <span class='ocrx_word' id='word_1_34' title='bbox 257 662 370 723; x_wconf 87' lang='lat' dir='ltr'><strong>quietem</strong></span> <span class='ocrx_word' id='word_1_35' title='bbox 382 660 603 724; x_wconf 83' lang='lat' dir='ltr'><strong>circusnloqnitnr.</strong></span> <span class='ocrx_word' id='word_1_36' title='bbox 614 661 652 709; x_wconf 89' lang='lat' dir='ltr'><strong>Ut</strong></span> <span class='ocrx_word' id='word_1_37' title='bbox 690 661 758 709; x_wconf 87' lang='lat' dir='ltr'><strong>visus</strong></span> <span class='ocrx_word' id='word_1_38' title='bbox 780 660 963 710; x_wconf 82' lang='lat' dir='ltr'><strong>declarandam</strong></span> <span class='ocrx_word' id='word_1_39' title='bbox 986 659 1149 710; x_wconf 83' lang='lat' dir='ltr'><strong>Claudianus</strong></span> <span class='ocrx_word' id='word_1_40' title='bbox 1169 659 1219 709; x_wconf 73' lang='lat' dir='ltr'><strong>Ma·</strong></span> 
     </span>
     <span class='ocr_line' id='line_1_6' title="bbox 120 734 1219 799; baseline -0.001 -13"><span class='ocrx_word' id='word_1_41' title='bbox 120 734 516 799; x_wconf 69' lang='lat' dir='ltr'><strong>alibi*gremiumpacis’disit.</strong></span> <span class='ocrx_word' id='word_1_42' title='bbox 545 736 620 784; x_wconf 80' lang='lat' dir='ltr'><strong>Idem.</strong></span> <span class='ocrx_word' id='word_1_43' title='bbox 690 743 796 799; x_wconf 82' lang='lat' dir='ltr'><strong>merlus,</strong></span> <span class='ocrx_word' id='word_1_44' title='bbox 808 751 828 785; x_wconf 89' lang='lat'><strong>1.</strong></span> <span class='ocrx_word' id='word_1_45' title='bbox 837 743 862 786; x_wconf 83' lang='grc'><strong>6.</strong></span> <span class='ocrx_word' id='word_1_46' title='bbox 888 735 1219 786; x_wconf 72' lang='lat' dir='ltr'><strong>SolentPoiitasduoslros</strong></span> 
     </span>
     <span class='ocr_line' id='line_1_7' title="bbox 153 810 1070 876; baseline 0.002 -16"><span class='ocrx_word' id='word_1_47' title='bbox 153 810 568 876; x_wconf 67' lang='lat' dir='ltr'><strong>Pigrsspussopordiffuderntnlns]</strong></span> <span class='ocrx_word' id='word_1_48' title='bbox 584 810 652 859; x_wconf 80' lang='lat' dir='ltr'><strong>Som-</strong></span> <span class='ocrx_word' id='word_1_49' title='bbox 690 829 778 863; x_wconf 86' lang='lat' dir='ltr'><strong>sensns</strong></span> <span class='ocrx_word' id='word_1_50' title='bbox 789 820 957 863; x_wconf 86' lang='lat' dir='ltr'><strong>commutare.</strong></span> <span class='ocrx_word' id='word_1_51' title='bbox 977 813 1070 862; x_wconf 77' lang='lat' dir='ltr'><strong>Baetis.</strong></span> 
     </span>
     <span class='ocr_line' id='line_1_8' title="bbox 120 887 1221 952; baseline -0.002 -12"><span class='ocrx_word' id='word_1_52' title='bbox 120 903 176 940; x_wconf 75' lang='lat' dir='ltr'><strong>nest</strong></span> <span class='ocrx_word' id='word_1_53' title='bbox 190 888 289 952; x_wconf 57' lang='lat' dir='ltr'><strong>plnum</strong></span> <span class='ocrx_word' id='word_1_54' title='bbox 306 895 379 937; x_wconf 88' lang='lat' dir='ltr'><strong>recte</strong></span> <span class='ocrx_word' id='word_1_55' title='bbox 398 887 449 937; x_wconf 90' lang='lat' dir='ltr'><strong>dici</strong></span> <span class='ocrx_word' id='word_1_56' title='bbox 466 894 494 936; x_wconf 89' lang='lat' dir='ltr'><strong>et</strong></span> <span class='ocrx_word' id='word_1_57' title='bbox 510 887 653 951; x_wconf 75' lang='lat' dir='ltr'><strong>eleganter,</strong></span> <span class='ocrx_word' id='word_1_58' title='bbox 723 893 771 938; x_wconf 83' lang='grc'><strong>333</strong></span> <span class='ocrx_word' id='word_1_59' title='bbox 796 889 859 938; x_wconf 83' lang='lat' dir='ltr'><strong>Loets&#39;</strong></span> <span class='ocrx_word' id='word_1_60' title='bbox 878 889 985 938; x_wconf 77' lang='lat' dir='ltr'><strong>omnibus</strong></span> <span class='ocrx_word' id='word_1_61' title='bbox 1002 888 1129 952; x_wconf 72' lang='lat' dir='ltr'><strong>possem</strong></span> <span class='ocrx_word' id='word_1_62' title='bbox 1147 887 1221 952; x_wconf 62' lang='lat' dir='ltr'><strong>adsi]</strong></span> 
     </span>
     <span class='ocr_line' id='line_1_9' title="bbox 119 963 1221 1028; baseline -0.001 -12"><span class='ocrx_word' id='word_1_63' title='bbox 119 965 277 1028; x_wconf 73' lang='lat' dir='ltr'><strong>lsaudnego.</strong></span> <span class='ocrx_word' id='word_1_64' title='bbox 306 964 414 1013; x_wconf 83' lang='lat' dir='ltr'><strong>Sedulus</strong></span> <span class='ocrx_word' id='word_1_65' title='bbox 421 963 505 1026; x_wconf 80' lang='lat' dir='ltr'><strong>pigrus</strong></span> <span class='ocrx_word' id='word_1_66' title='bbox 516 965 598 1011; x_wconf 89' lang='lat' dir='ltr'><strong>minus</strong></span> <span class='ocrx_word' id='word_1_67' title='bbox 610 977 653 1025; x_wconf 91' lang='lat' dir='ltr'><strong>ap·</strong></span> <span class='ocrx_word' id='word_1_68' title='bbox 690 966 766 1014; x_wconf 87' lang='lat' dir='ltr'><strong>More</strong></span> <span class='ocrx_word' id='word_1_69' title='bbox 785 966 938 1028; x_wconf 85' lang='lat' dir='ltr'><strong>Principum</strong></span> <span class='ocrx_word' id='word_1_70' title='bbox 958 979 1049 1015; x_wconf 89' lang='lat' dir='ltr'><strong>recens</strong></span> <span class='ocrx_word' id='word_1_71' title='bbox 1070 972 1221 1015; x_wconf 82' lang='lat' dir='ltr'><strong>creatorum.</strong></span> 
     </span>
     <span class='ocr_line' id='line_1_10' title="bbox 120 1040 1223 1104; baseline -0.002 -14"><span class='ocrx_word' id='word_1_72' title='bbox 120 1040 269 1104; x_wconf 88' lang='lat' dir='ltr'><strong>probamus.</strong></span> <span class='ocrx_word' id='word_1_73' title='bbox 304 1041 653 1101; x_wconf 76' lang='lat' dir='ltr'><strong>Quarenigrusnloscenseo</strong></span> <span class='ocrx_word' id='word_1_74' title='bbox 691 1040 842 1090; x_wconf 76' lang='lat' dir='ltr'><strong>rucensul.</strong></span> <span class='ocrx_word' id='word_1_75' title='bbox 865 1042 987 1104; x_wconf 78' lang='lat' dir='ltr'><strong>‘quantae</strong></span> <span class='ocrx_word' id='word_1_76' title='bbox 1007 1040 1138 1090; x_wconf 86' lang='lat' dir='ltr'><strong>miracula</strong></span> <span class='ocrx_word' id='word_1_77' title='bbox 1156 1054 1223 1104; x_wconf 82' lang='lat' dir='ltr'><strong>pom·</strong></span> 
     </span>
    </p>
   </div>
   <div class='ocr_carea' id='block_1_3' title="bbox 31 1114 1222 1180">
    <p class='ocr_par' dir='ltr' id='par_1_3' title="bbox 31 1114 1222 1180">
     <span class='ocr_line' id='line_1_11' title="bbox 31 1114 1222 1180; baseline 0 -14"><span class='ocrx_word' id='word_1_78' title='bbox 31 1123 34 1128; x_wconf 84' lang='lat'>&#39;</span> <span class='ocrx_word' id='word_1_79' title='bbox 120 1117 282 1180; x_wconf 87' lang='lat' dir='ltr'><strong>reponendas</strong></span> <span class='ocrx_word' id='word_1_80' title='bbox 292 1130 364 1164; x_wconf 78' lang='lat' dir='ltr'><strong>esses</strong></span> <span class='ocrx_word' id='word_1_81' title='bbox 381 1123 459 1180; x_wconf 89' lang='lat' dir='ltr'><strong>atque</strong></span> <span class='ocrx_word' id='word_1_82' title='bbox 471 1117 508 1164; x_wconf 87' lang='lat' dir='ltr'><strong>ita</strong></span> <span class='ocrx_word' id='word_1_83' title='bbox 518 1115 593 1178; x_wconf 85' lang='lat' dir='ltr'><strong>prim.</strong></span> <span class='ocrx_word' id='word_1_84' title='bbox 604 1115 653 1164; x_wconf 86' lang='lat' dir='ltr'><strong>Va·</strong></span> <span class='ocrx_word' id='word_1_85' title='bbox 691 1130 733 1178; x_wconf 81' lang='lat' dir='ltr'><strong>pae</strong></span> <span class='ocrx_word' id='word_1_86' title='bbox 742 1117 870 1176; x_wconf 78' lang='lat' dir='ltr'>Vidimus,</span> <span class='ocrx_word' id='word_1_87' title='bbox 887 1114 1004 1164; x_wconf 85' lang='lat' dir='ltr'><strong>Ausonio</strong></span> <span class='ocrx_word' id='word_1_88' title='bbox 1021 1130 1081 1165; x_wconf 90' lang='lat' dir='ltr'><strong>cum</strong></span> <span class='ocrx_word' id='word_1_89' title='bbox 1096 1115 1153 1178; x_wconf 82' lang='lat' dir='ltr'><strong>jsrn</strong></span> <span class='ocrx_word' id='word_1_90' title='bbox 1169 1129 1222 1166; x_wconf 75' lang='lat' dir='ltr'><strong>sne</strong></span> 
     </span>
    </p>
   </div>
   <div class='ocr_carea' id='block_1_4' title="bbox 118 1191 1254 4223">
    <p class='ocr_par' dir='ltr' id='par_1_4' title="bbox 118 1191 1254 4223">
     <span class='ocr_line' id='line_1_12' title="bbox 120 1191 1222 1258; baseline -0.004 -14"><span class='ocrx_word' id='word_1_91' title='bbox 120 1193 200 1244; x_wconf 86' lang='lat' dir='ltr'><strong>licen.</strong></span> <span class='ocrx_word' id='word_1_92' title='bbox 228 1200 257 1243; x_wconf 87' lang='lat' dir='ltr'><strong>et</strong></span> <span class='ocrx_word' id='word_1_93' title='bbox 283 1193 371 1245; x_wconf 80' lang='lat' dir='ltr'><strong>Palat.</strong></span> <span class='ocrx_word' id='word_1_94' title='bbox 404 1193 474 1258; x_wconf 83' lang='lat' dir='ltr'><strong>apud</strong></span> <span class='ocrx_word' id='word_1_95' title='bbox 499 1194 652 1242; x_wconf 85' lang='lat' dir='ltr'><strong>Maronem:</strong></span> <span class='ocrx_word' id='word_1_96' title='bbox 691 1193 791 1242; x_wconf 83' lang='lat' dir='ltr'><strong>cinctus</strong></span> <span class='ocrx_word' id='word_1_97' title='bbox 802 1192 897 1242; x_wconf 79' lang='lat' dir='ltr'><strong>ainictu</strong></span> <span class='ocrx_word' id='word_1_98' title='bbox 910 1191 963 1240; x_wconf 91' lang='lat' dir='ltr'><strong>Per</strong></span> <span class='ocrx_word' id='word_1_99' title='bbox 974 1191 1103 1254; x_wconf 80' lang='lat' dir='ltr'><strong>Ligurum</strong></span> <span class='ocrx_word' id='word_1_100' title='bbox 1116 1191 1222 1255; x_wconf 85' lang='lat' dir='ltr'><strong>populos</strong></span> 
     </span>
     <span class='ocr_line' id='line_1_13' title="bbox 121 1265 1224 1332; baseline -0.002 -13"><span class='ocrx_word' id='word_1_101' title='bbox 121 1269 131 1298; x_wconf 87' lang='lat'>‘</span> <span class='ocrx_word' id='word_1_102' title='bbox 141 1271 201 1320; x_wconf 85' lang='lat' dir='ltr'><strong>Nox</strong></span> <span class='ocrx_word' id='word_1_103' title='bbox 212 1269 273 1331; x_wconf 89' lang='lat' dir='ltr'><strong>ruit,</strong></span> <span class='ocrx_word' id='word_1_104' title='bbox 284 1275 311 1319; x_wconf 89' lang='lat' dir='ltr'><strong>et</strong></span> <span class='ocrx_word' id='word_1_105' title='bbox 322 1268 403 1319; x_wconf 81' lang='lat' dir='ltr'><strong>inscie</strong></span> <span class='ocrx_word' id='word_1_106' title='bbox 413 1270 531 1319; x_wconf 86' lang='lat' dir='ltr'><strong>tellurem</strong></span> <span class='ocrx_word' id='word_1_107' title='bbox 543 1269 653 1332; x_wconf 86' lang='lat' dir='ltr'><strong>amplec·</strong></span> <span class='ocrx_word' id='word_1_108' title='bbox 691 1270 767 1318; x_wconf 91' lang='lat' dir='ltr'><strong>solito</strong></span> <span class='ocrx_word' id='word_1_109' title='bbox 786 1268 952 1332; x_wconf 82' lang='lat' dir='ltr'><strong>conspectior</strong></span> <span class='ocrx_word' id='word_1_110' title='bbox 968 1269 1031 1329; x_wconf 88' lang='lat' dir='ltr'><strong>ires,</strong></span> <span class='ocrx_word' id='word_1_111' title='bbox 1049 1265 1142 1330; x_wconf 79' lang='lat' dir='ltr'><strong>Atque</strong></span> <span class='ocrx_word' id='word_1_112' title='bbox 1159 1266 1224 1317; x_wconf 87' lang='lat' dir='ltr'><strong>inter</strong></span> 
     </span>
     <span class='ocr_line' id='line_1_14' title="bbox 120 1340 1225 1407; baseline -0.005 -12"><span class='ocrx_word' id='word_1_113' title='bbox 120 1345 185 1396; x_wconf 83' lang='lat' dir='ltr'><strong>titur</strong></span> <span class='ocrx_word' id='word_1_114' title='bbox 203 1344 266 1396; x_wconf 88' lang='lat' dir='ltr'><strong>alis.’</strong></span> <span class='ocrx_word' id='word_1_115' title='bbox 300 1345 370 1395; x_wconf 87' lang='lat' dir='ltr'><strong>Hinc</strong></span> <span class='ocrx_word' id='word_1_116' title='bbox 389 1352 416 1394; x_wconf 87' lang='lat' dir='ltr'><strong>et</strong></span> <span class='ocrx_word' id='word_1_117' title='bbox 434 1344 585 1407; x_wconf 75' lang='lat' dir='ltr'><strong>castiganda</strong></span> <span class='ocrx_word' id='word_1_118' title='bbox 603 1343 655 1393; x_wconf 81' lang='lat' dir='ltr'><strong>sul·</strong></span> <span class='ocrx_word' id='word_1_119' title='bbox 691 1345 780 1394; x_wconf 85' lang='lat' dir='ltr'><strong>niveas</strong></span> <span class='ocrx_word' id='word_1_120' title='bbox 797 1345 850 1395; x_wconf 84' lang='lat' dir='ltr'><strong>alte</strong></span> <span class='ocrx_word' id='word_1_121' title='bbox 869 1345 993 1394; x_wconf 80' lang='lat' dir='ltr'>veherere</span> <span class='ocrx_word' id='word_1_122' title='bbox 1010 1342 1142 1392; x_wconf 89' lang='lat' dir='ltr'><strong>cohortes.</strong></span> <span class='ocrx_word' id='word_1_123' title='bbox 1176 1340 1225 1391; x_wconf 81' lang='lat' dir='ltr'><strong>Olt-</strong></span> 
     </span>
     <span class='ocr_line' id='line_1_15' title="bbox 120 1417 1225 1485; baseline -0.004 -15"><span class='ocrx_word' id='word_1_124' title='bbox 120 1430 182 1485; x_wconf 72' lang='lat' dir='ltr'><strong>gata</strong></span> <span class='ocrx_word' id='word_1_125' title='bbox 192 1422 286 1470; x_wconf 84' lang='lat' dir='ltr'>Tibulli</span> <span class='ocrx_word' id='word_1_126' title='bbox 297 1421 467 1485; x_wconf 87' lang='lat' dir='ltr'><strong>exemplaria,</strong></span> <span class='ocrx_word' id='word_1_127' title='bbox 477 1421 521 1471; x_wconf 85' lang='lat' dir='ltr'><strong>lib.</strong></span> <span class='ocrx_word' id='word_1_128' title='bbox 533 1434 565 1470; x_wconf 90' lang='lat'><strong>11.</strong></span> <span class='ocrx_word' id='word_1_129' title='bbox 576 1422 617 1471; x_wconf 86' lang='lat' dir='ltr'><strong>El.</strong></span> <span class='ocrx_word' id='word_1_130' title='bbox 629 1426 654 1471; x_wconf 81' lang='lat'><strong>1.</strong></span> <span class='ocrx_word' id='word_1_131' title='bbox 691 1421 810 1485; x_wconf 78' lang='lat' dir='ltr'><strong>uinisque</strong></span> <span class='ocrx_word' id='word_1_132' title='bbox 827 1420 903 1469; x_wconf 89' lang='lat' dir='ltr'><strong>simnl</strong></span> <span class='ocrx_word' id='word_1_133' title='bbox 923 1420 1005 1484; x_wconf 83' lang='lat' dir='ltr'>pubes</span> <span class='ocrx_word' id='word_1_134' title='bbox 1017 1419 1105 1469; x_wconf 86' lang='lat' dir='ltr'><strong>electa</strong></span> <span class='ocrx_word' id='word_1_135' title='bbox 1121 1417 1225 1468; x_wconf 83' lang='lat' dir='ltr'><strong>lacertis</strong></span> 
     </span>
     <span class='ocr_line' id='line_1_16' title="bbox 118 1494 1146 1561; baseline -0.003 -14"><span class='ocrx_word' id='word_1_136' title='bbox 118 1497 127 1525; x_wconf 77' lang='lat'><strong><em>⁴</em></strong></span> <span class='ocrx_word' id='word_1_137' title='bbox 140 1496 256 1561; x_wconf 88' lang='lat' dir='ltr'><strong>Postque</strong></span> <span class='ocrx_word' id='word_1_138' title='bbox 268 1497 340 1545; x_wconf 87' lang='lat' dir='ltr'><strong>venit</strong></span> <span class='ocrx_word' id='word_1_139' title='bbox 349 1497 443 1546; x_wconf 90' lang='lat' dir='ltr'><strong>tacitus</strong></span> <span class='ocrx_word' id='word_1_140' title='bbox 452 1494 533 1544; x_wconf 78' lang='lat' dir='ltr'><strong>furvis</strong></span> <span class='ocrx_word' id='word_1_141' title='bbox 545 1497 654 1545; x_wconf 86' lang='lat' dir='ltr'><strong>circnnt·</strong></span> <span class='ocrx_word' id='word_1_142' title='bbox 692 1497 827 1546; x_wconf 83' lang='lat' dir='ltr'><strong>Sidereum</strong></span> <span class='ocrx_word' id='word_1_143' title='bbox 839 1503 955 1560; x_wconf 76' lang='lat' dir='ltr'><strong>gestaret</strong></span> <span class='ocrx_word' id='word_1_144' title='bbox 963 1501 1044 1546; x_wconf 63' lang='lat' dir='ltr'><strong>onus:</strong></span> <span class='ocrx_word' id='word_1_145' title='bbox 1068 1497 1146 1545; x_wconf 79' lang='lat' dir='ltr'><strong>Idem.</strong></span> 
     </span>
     <span class='ocr_line' id='line_1_17' title="bbox 121 1569 1254 1635; baseline -0.004 -13"><span class='ocrx_word' id='word_1_146' title='bbox 121 1572 198 1622; x_wconf 85' lang='lat' dir='ltr'><strong>datus</strong></span> <span class='ocrx_word' id='word_1_147' title='bbox 209 1573 256 1622; x_wconf 88' lang='lat' dir='ltr'><strong>alis</strong></span> <span class='ocrx_word' id='word_1_148' title='bbox 267 1573 386 1635; x_wconf 87' lang='lat' dir='ltr'><strong>Somnus,</strong></span> <span class='ocrx_word' id='word_1_149' title='bbox 402 1580 430 1621; x_wconf 89' lang='lat' dir='ltr'><strong>et</strong></span> <span class='ocrx_word' id='word_1_150' title='bbox 445 1573 546 1621; x_wconf 86' lang='lat' dir='ltr'><strong>incerto</strong></span> <span class='ocrx_word' id='word_1_151' title='bbox 557 1572 655 1623; x_wconf 83' lang='lat' dir='ltr'><strong>somnis</strong></span> <span class='ocrx_word' id='word_1_152' title='bbox 724 1575 774 1621; x_wconf 76' lang='grc'><strong>334</strong></span> <span class='ocrx_word' id='word_1_153' title='bbox 792 1570 998 1633; x_wconf 69' lang='lat' dir='ltr'><strong>conitonbsges]</strong></span> <span class='ocrx_word' id='word_1_154' title='bbox 1015 1569 1226 1621; x_wconf 78' lang='lat' dir='ltr'><strong>Caneredeonn</strong></span> <span class='ocrx_word' id='word_1_155' title='bbox 1252 1602 1254 1607; x_wconf 91' lang='lat'>-</span> 
     </span>
     <span class='ocr_line' id='line_1_18' title="bbox 120 1647 1132 1713; baseline 0.003 -16"><span class='ocrx_word' id='word_1_156' title='bbox 120 1649 289 1712; x_wconf 75' lang='lat' dir='ltr'><strong>pigrapede.’</strong></span> <span class='ocrx_word' id='word_1_157' title='bbox 322 1648 405 1699; x_wconf 82' lang='lat' dir='ltr'><strong>Fslois</strong></span> <span class='ocrx_word' id='word_1_158' title='bbox 415 1647 655 1712; x_wconf 60' lang='lat' dir='ltr'><strong>suessonensi·</strong></span> <span class='ocrx_word' id='word_1_159' title='bbox 692 1649 1029 1713; x_wconf 77' lang='lat' dir='ltr'><strong>nibnspraessgiisdicitur.</strong></span> <span class='ocrx_word' id='word_1_160' title='bbox 1054 1649 1132 1700; x_wconf 68' lang='lat' dir='ltr'><strong>Idees-</strong></span> 
     </span>
     <span class='ocr_line' id='line_1_19' title="bbox 118 1722 1226 1790; baseline -0.002 -16"><span class='ocrx_word' id='word_1_161' title='bbox 118 1737 166 1786; x_wconf 67' lang='grc' dir='ltr'><strong>ενα</strong></span> <span class='ocrx_word' id='word_1_162' title='bbox 187 1738 324 1789; x_wconf 82' lang='lat' dir='ltr'><strong>perperam</strong></span> <span class='ocrx_word' id='word_1_163' title='bbox 348 1739 416 1774; x_wconf 90' lang='lat' dir='ltr'><strong>nunc</strong></span> <span class='ocrx_word' id='word_1_164' title='bbox 438 1723 543 1787; x_wconf 76' lang='lat' dir='ltr'><strong>legitur.</strong></span> <span class='ocrx_word' id='word_1_165' title='bbox 576 1722 655 1787; x_wconf 78' lang='lat' dir='ltr'><strong>Apud</strong></span> <span class='ocrx_word' id='word_1_166' title='bbox 724 1730 772 1776; x_wconf 79' lang='grc'><strong>333</strong></span> <span class='ocrx_word' id='word_1_167' title='bbox 790 1726 940 1789; x_wconf 85' lang='lat' dir='ltr'><strong>Neocops&#39;tis</strong></span> <span class='ocrx_word' id='word_1_168' title='bbox 950 1725 1015 1790; x_wconf 72' lang='lat' dir='ltr'><strong>fini]</strong></span> <span class='ocrx_word' id='word_1_169' title='bbox 1039 1724 1078 1775; x_wconf 78' lang='lat' dir='ltr'><strong>At</strong></span> <span class='ocrx_word' id='word_1_170' title='bbox 1096 1724 1169 1775; x_wconf 80' lang='lat' dir='ltr'><strong>enim</strong></span> <span class='ocrx_word' id='word_1_171' title='bbox 1178 1723 1226 1774; x_wconf 77' lang='lat' dir='ltr'><strong>Ar·</strong></span> 
     </span>
     <span class='ocr_line' id='line_1_20' title="bbox 122 1799 1227 1864; baseline 0.001 -15"><span class='ocrx_word' id='word_1_172' title='bbox 122 1799 359 1851; x_wconf 81' lang='lat' dir='ltr'><strong>Horat.8at.11.l.</strong></span> <span class='ocrx_word' id='word_1_173' title='bbox 375 1800 457 1852; x_wconf 77' lang='lat' dir='ltr'><strong>‘anis</strong></span> <span class='ocrx_word' id='word_1_174' title='bbox 477 1814 529 1849; x_wconf 85' lang='lat' dir='ltr'><strong>nox</strong></span> <span class='ocrx_word' id='word_1_175' title='bbox 547 1800 655 1849; x_wconf 88' lang='lat' dir='ltr'><strong>circnm-</strong></span> <span class='ocrx_word' id='word_1_176' title='bbox 694 1801 830 1862; x_wconf 86' lang='lat' dir='ltr'><strong>ternidoro,</strong></span> <span class='ocrx_word' id='word_1_177' title='bbox 858 1800 1045 1850; x_wconf 84' lang='lat' dir='ltr'><strong>somniantibus</strong></span> <span class='ocrx_word' id='word_1_178' title='bbox 1075 1799 1139 1864; x_wconf 85' lang='lat' dir='ltr'><strong>qnid</strong></span> <span class='ocrx_word' id='word_1_179' title='bbox 1167 1800 1227 1860; x_wconf 82' lang='lat' dir='ltr'><strong>tale,</strong></span> 
     </span>
     <span class='ocr_line' id='line_1_21' title="bbox 121 1873 1121 1941; baseline 0.005 -20"><span class='ocrx_word' id='word_1_180' title='bbox 121 1875 194 1925; x_wconf 87' lang='lat' dir='ltr'><strong>volat</strong></span> <span class='ocrx_word' id='word_1_181' title='bbox 212 1873 277 1926; x_wconf 67' lang='lat' dir='ltr'><strong>slis!</strong></span> <span class='ocrx_word' id='word_1_182' title='bbox 309 1875 351 1924; x_wconf 88' lang='lat' dir='ltr'><strong>De</strong></span> <span class='ocrx_word' id='word_1_183' title='bbox 363 1875 457 1925; x_wconf 84' lang='lat' dir='ltr'><strong>Alecto</strong></span> <span class='ocrx_word' id='word_1_184' title='bbox 468 1875 565 1938; x_wconf 76' lang='lat' dir='ltr'><strong>Virgil.</strong></span> <span class='ocrx_word' id='word_1_185' title='bbox 576 1875 593 1924; x_wconf 93' lang='lat' dir='ltr'><strong>l.</strong></span> <span class='ocrx_word' id='word_1_186' title='bbox 605 1889 655 1927; x_wconf 77' lang='grc' dir='ltr'><strong>νυ.</strong></span> <span class='ocrx_word' id='word_1_187' title='bbox 693 1876 998 1941; x_wconf 87' lang='lat' dir='ltr'><strong>portenditurdiaderns.</strong></span> <span class='ocrx_word' id='word_1_188' title='bbox 1026 1876 1121 1926; x_wconf 81' lang='lat' dir='ltr'><strong>Closer.</strong></span> 
     </span>
     <span class='ocr_line' id='line_1_22' title="bbox 121 1941 1226 2017; baseline 0.001 -17"><span class='ocrx_word' id='word_1_189' title='bbox 121 1950 265 2001; x_wconf 84' lang='lat' dir='ltr'><strong>‘Protinus</strong></span> <span class='ocrx_word' id='word_1_190' title='bbox 276 1950 335 2000; x_wconf 84' lang='lat' dir='ltr'><strong>lrinc</strong></span> <span class='ocrx_word' id='word_1_191' title='bbox 351 1941 430 1999; x_wconf 84' lang='lat' dir='ltr'><strong>fuscis</strong></span> <span class='ocrx_word' id='word_1_192' title='bbox 448 1949 532 1999; x_wconf 87' lang='lat' dir='ltr'><strong>tristis</strong></span> <span class='ocrx_word' id='word_1_193' title='bbox 545 1950 595 1998; x_wconf 87' lang='lat' dir='ltr'><strong>dea</strong></span> <span class='ocrx_word' id='word_1_194' title='bbox 607 1948 655 1999; x_wconf 86' lang='lat' dir='ltr'><strong>tol·</strong></span> <span class='ocrx_word' id='word_1_195' title='bbox 703 1952 805 2002; x_wconf 55' lang='lat' dir='ltr'><strong>dentis</strong></span> <span class='ocrx_word' id='word_1_196' title='bbox 824 1951 944 2015; x_wconf 81' lang='lat' dir='ltr'><strong>praesogs&#39;n</strong></span> <span class='ocrx_word' id='word_1_197' title='bbox 958 1951 1023 2017; x_wconf 75' lang='lat' dir='ltr'><strong>fixi]</strong></span> <span class='ocrx_word' id='word_1_198' title='bbox 1049 1952 1094 2000; x_wconf 86' lang='lat' dir='ltr'><strong>Sic</strong></span> <span class='ocrx_word' id='word_1_199' title='bbox 1117 1951 1226 2001; x_wconf 80' lang='lat' dir='ltr'><strong>Lneena</strong></span> 
     </span>
     <span class='ocr_line' id='line_1_23' title="bbox 121 2025 1227 2092; baseline -0.004 -15"><span class='ocrx_word' id='word_1_200' title='bbox 121 2025 184 2077; x_wconf 91' lang='lat' dir='ltr'><strong>litnr</strong></span> <span class='ocrx_word' id='word_1_201' title='bbox 204 2027 277 2076; x_wconf 76' lang='lat' dir='ltr'><strong>alisz&#39;</strong></span> <span class='ocrx_word' id='word_1_202' title='bbox 298 2035 325 2077; x_wconf 91' lang='lat' dir='ltr'><strong>et</strong></span> <span class='ocrx_word' id='word_1_203' title='bbox 346 2025 416 2090; x_wconf 87' lang='lat' dir='ltr'><strong>apud</strong></span> <span class='ocrx_word' id='word_1_204' title='bbox 437 2025 529 2075; x_wconf 88' lang='lat' dir='ltr'><strong>Silium</strong></span> <span class='ocrx_word' id='word_1_205' title='bbox 547 2025 592 2076; x_wconf 88' lang='lat' dir='ltr'><strong>lib.</strong></span> <span class='ocrx_word' id='word_1_206' title='bbox 609 2039 655 2076; x_wconf 83' lang='lat' dir='ltr'><strong>tlt.</strong></span> <span class='ocrx_word' id='word_1_207' title='bbox 693 2028 800 2091; x_wconf 84' lang='lat' dir='ltr'><strong>Gyrald.</strong></span> <span class='ocrx_word' id='word_1_208' title='bbox 818 2037 845 2078; x_wconf 88' lang='lat' dir='ltr'><strong>et</strong></span> <span class='ocrx_word' id='word_1_209' title='bbox 866 2035 975 2092; x_wconf 85' lang='lat' dir='ltr'><strong>quatuor</strong></span> <span class='ocrx_word' id='word_1_210' title='bbox 994 2027 1054 2076; x_wconf 83' lang='lat' dir='ltr'><strong>alii:</strong></span> <span class='ocrx_word' id='word_1_211' title='bbox 1076 2027 1165 2090; x_wconf 77' lang='lat' dir='ltr'><strong>vulgo,</strong></span> <span class='ocrx_word' id='word_1_212' title='bbox 1177 2026 1227 2090; x_wconf 73' lang='lat' dir='ltr'><strong>fisi</strong></span> 
     </span>
     <span class='ocr_line' id='line_1_24' title="bbox 121 2100 1228 2168; baseline -0.004 -16"><span class='ocrx_word' id='word_1_213' title='bbox 121 2105 129 2130; x_wconf 80' lang='lat'><strong>⁴</strong></span> <span class='ocrx_word' id='word_1_214' title='bbox 142 2103 225 2152; x_wconf 84' lang='lat' dir='ltr'><strong>Corus</strong></span> <span class='ocrx_word' id='word_1_215' title='bbox 235 2102 265 2152; x_wconf 93' lang='lat' dir='ltr'><strong>lu</strong></span> <span class='ocrx_word' id='word_1_216' title='bbox 275 2101 362 2152; x_wconf 87' lang='lat' dir='ltr'><strong>media</strong></span> <span class='ocrx_word' id='word_1_217' title='bbox 371 2116 417 2151; x_wconf 87' lang='lat' dir='ltr'><strong>ora</strong></span> <span class='ocrx_word' id='word_1_218' title='bbox 428 2102 500 2150; x_wconf 84' lang='lat' dir='ltr'><strong>nives</strong></span> <span class='ocrx_word' id='word_1_219' title='bbox 511 2100 587 2151; x_wconf 83' lang='lat' dir='ltr'><strong>fuscis</strong></span> <span class='ocrx_word' id='word_1_220' title='bbox 600 2104 657 2165; x_wconf 77' lang='lat' dir='ltr'><strong>agit</strong></span> <span class='ocrx_word' id='word_1_221' title='bbox 691 2103 811 2168; x_wconf 76' lang='lat' dir='ltr'><strong>presagia</strong></span> <span class='ocrx_word' id='word_1_222' title='bbox 820 2104 902 2152; x_wconf 85' lang='lat' dir='ltr'><strong>sensit.</strong></span> <span class='ocrx_word' id='word_1_223' title='bbox 926 2103 1014 2151; x_wconf 85' lang='lat' dir='ltr'><strong>Vatic.</strong></span> <span class='ocrx_word' id='word_1_224' title='bbox 1024 2101 1098 2151; x_wconf 67' lang='lat' dir='ltr'><strong>scant</strong></span> <span class='ocrx_word' id='word_1_225' title='bbox 1107 2100 1228 2164; x_wconf 66' lang='lat' dir='ltr'><strong>promis</strong></span> 
     </span>
     <span class='ocr_line' id='line_1_25' title="bbox 120 2176 1228 2243; baseline -0.002 -17"><span class='ocrx_word' id='word_1_226' title='bbox 120 2177 316 2228; x_wconf 82' lang='lat' dir='ltr'><strong>horridusalis.&#39;</strong></span> <span class='ocrx_word' id='word_1_227' title='bbox 342 2178 441 2228; x_wconf 88' lang='lat' dir='ltr'><strong>Noster</strong></span> <span class='ocrx_word' id='word_1_228' title='bbox 449 2177 529 2228; x_wconf 82' lang='lat' dir='ltr'><strong>alibi:</strong></span> <span class='ocrx_word' id='word_1_229' title='bbox 545 2179 656 2227; x_wconf 82' lang='lat' dir='ltr'><strong>‘Fausta-</strong></span> <span class='ocrx_word' id='word_1_230' title='bbox 693 2180 757 2230; x_wconf 81' lang='lat' dir='ltr'><strong>sliri:</strong></span> <span class='ocrx_word' id='word_1_231' title='bbox 775 2194 823 2228; x_wconf 88' lang='lat' dir='ltr'><strong>nec</strong></span> <span class='ocrx_word' id='word_1_232' title='bbox 842 2194 936 2243; x_wconf 87' lang='lat' dir='ltr'><strong>sequor</strong></span> <span class='ocrx_word' id='word_1_233' title='bbox 955 2185 1052 2228; x_wconf 85' lang='lat' dir='ltr'><strong>tamen.</strong></span> <span class='ocrx_word' id='word_1_234' title='bbox 1086 2176 1228 2235; x_wconf 80' lang='lat' dir='ltr'><strong>Hoeven,</strong></span> 
     </span>
     <span class='ocr_line' id='line_1_26' title="bbox 121 2252 1230 2318; baseline -0.001 -17"><span class='ocrx_word' id='word_1_235' title='bbox 121 2267 172 2317; x_wconf 86' lang='lat' dir='ltr'><strong>que</strong></span> <span class='ocrx_word' id='word_1_236' title='bbox 198 2253 332 2317; x_wconf 74' lang='lat' dir='ltr'><strong>nigrantes</strong></span> <span class='ocrx_word' id='word_1_237' title='bbox 357 2253 489 2302; x_wconf 85' lang='lat' dir='ltr'><strong>succincta</strong></span> <span class='ocrx_word' id='word_1_238' title='bbox 516 2254 656 2317; x_wconf 81' lang='lat' dir='ltr'><strong>pavoribus</strong></span> <span class='ocrx_word' id='word_1_239' title='bbox 694 2254 762 2318; x_wconf 88' lang='lat' dir='ltr'><strong>quod</strong></span> <span class='ocrx_word' id='word_1_240' title='bbox 775 2254 934 2316; x_wconf 88' lang='lat' dir='ltr'><strong>Capitolinus</strong></span> <span class='ocrx_word' id='word_1_241' title='bbox 951 2254 978 2302; x_wconf 91' lang='lat' dir='ltr'><strong>in</strong></span> <span class='ocrx_word' id='word_1_242' title='bbox 997 2253 1151 2314; x_wconf 85' lang='lat' dir='ltr'><strong>Pertinace,</strong></span> <span class='ocrx_word' id='word_1_243' title='bbox 1169 2252 1230 2301; x_wconf 82' lang='lat' dir='ltr'><strong>‘cs-</strong></span> 
     </span>
     <span class='ocr_line' id='line_1_27' title="bbox 123 2327 1230 2392; baseline 0 -16"><span class='ocrx_word' id='word_1_244' title='bbox 123 2327 194 2376; x_wconf 74' lang='lat' dir='ltr'><strong>ulas&#39;</strong></span> <span class='ocrx_word' id='word_1_245' title='bbox 226 2328 261 2376; x_wconf 65' lang='lat' dir='ltr'><strong>Da</strong></span> <span class='ocrx_word' id='word_1_246' title='bbox 277 2329 364 2377; x_wconf 71' lang='lat' dir='ltr'><strong>Hcim.</strong></span> <span class='ocrx_word' id='word_1_247' title='bbox 609 2360 614 2368; x_wconf 86' lang='lat'><em>-</em></span> <span class='ocrx_word' id='word_1_248' title='bbox 695 2335 743 2391; x_wconf 89' lang='lat' dir='ltr'><strong>put</strong></span> <span class='ocrx_word' id='word_1_249' title='bbox 754 2330 810 2392; x_wconf 86' lang='lat' dir='ltr'><strong>ejus</strong></span> <span class='ocrx_word' id='word_1_250' title='bbox 821 2336 898 2378; x_wconf 77' lang='lat' dir='ltr'><strong>corito</strong></span> <span class='ocrx_word' id='word_1_251' title='bbox 909 2329 988 2377; x_wconf 84' lang='lat' dir='ltr'><strong>fixtrrn</strong></span> <span class='ocrx_word' id='word_1_252' title='bbox 997 2329 1095 2377; x_wconf 88' lang='lat' dir='ltr'><strong>milites</strong></span> <span class='ocrx_word' id='word_1_253' title='bbox 1104 2328 1133 2376; x_wconf 90' lang='lat' dir='ltr'><strong>in</strong></span> <span class='ocrx_word' id='word_1_254' title='bbox 1143 2335 1230 2378; x_wconf 86' lang='lat' dir='ltr'><strong>castra</strong></span> 
     </span>
     <span class='ocr_line' id='line_1_28' title="bbox 154 2401 1228 2468; baseline 0.001 -17"><span class='ocrx_word' id='word_1_255' title='bbox 154 2406 204 2452; x_wconf 75' lang='grc'><strong>326</strong></span> <span class='ocrx_word' id='word_1_256' title='bbox 220 2402 265 2451; x_wconf 78' lang='lat' dir='ltr'><strong>tlte</strong></span> <span class='ocrx_word' id='word_1_257' title='bbox 274 2405 316 2451; x_wconf 80' lang='lat' dir='ltr'><strong>diu</strong></span> <span class='ocrx_word' id='word_1_258' title='bbox 326 2401 389 2450; x_wconf 80' lang='lat' dir='ltr'><strong>curis</strong></span> <span class='ocrx_word' id='word_1_259' title='bbox 398 2402 502 2450; x_wconf 79' lang='lat' dir='ltr'><strong>ssimum</strong></span> <span class='ocrx_word' id='word_1_260' title='bbox 512 2402 657 2450; x_wconf 70' lang='lat' dir='ltr'><strong>stimulanti·</strong></span> <span class='ocrx_word' id='word_1_261' title='bbox 693 2404 876 2468; x_wconf 71' lang='lat' dir='ltr'><strong>pertulerunt!</strong></span> <span class='ocrx_word' id='word_1_262' title='bbox 889 2405 974 2454; x_wconf 85' lang='lat' dir='ltr'><strong>Notus</strong></span> <span class='ocrx_word' id='word_1_263' title='bbox 982 2418 1036 2452; x_wconf 78' lang='lat' dir='ltr'><strong>neos</strong></span> <span class='ocrx_word' id='word_1_264' title='bbox 1045 2405 1088 2453; x_wconf 87' lang='lat' dir='ltr'><strong>ille</strong></span> <span class='ocrx_word' id='word_1_265' title='bbox 1095 2409 1228 2453; x_wconf 85' lang='lat' dir='ltr'><strong>veterum:</strong></span> 
     </span>
     <span class='ocr_line' id='line_1_29' title="bbox 122 2476 1229 2543; baseline 0.002 -16"><span class='ocrx_word' id='word_1_266' title='bbox 122 2479 164 2530; x_wconf 79' lang='lat' dir='ltr'><strong>les</strong></span> <span class='ocrx_word' id='word_1_267' title='bbox 176 2479 251 2541; x_wconf 65' lang='lat' dir='ltr'><strong>regn]</strong></span> <span class='ocrx_word' id='word_1_268' title='bbox 276 2479 326 2527; x_wconf 77' lang='lat' dir='ltr'><strong>11ae</strong></span> <span class='ocrx_word' id='word_1_269' title='bbox 335 2484 397 2527; x_wconf 87' lang='lat' dir='ltr'><strong>sunt</strong></span> <span class='ocrx_word' id='word_1_270' title='bbox 407 2478 592 2528; x_wconf 86' lang='lat' dir='ltr'><strong>stimulatrices</strong></span> <span class='ocrx_word' id='word_1_271' title='bbox 603 2479 655 2527; x_wconf 79' lang='lat' dir='ltr'><strong>illas</strong></span> <span class='ocrx_word' id='word_1_272' title='bbox 694 2476 1082 2543; x_wconf 72' lang='lat' dir='ltr'><strong>nosteripsedellntinoinfra.</strong></span> <span class='ocrx_word' id='word_1_273' title='bbox 1099 2480 1229 2530; x_wconf 62' lang='lat' dir='ltr'><strong>nnete.</strong></span> 
     </span>
     <span class='ocr_line' id='line_1_30' title="bbox 124 2553 1229 2621; baseline -0.002 -16"><span class='ocrx_word' id='word_1_274' title='bbox 124 2569 181 2621; x_wconf 78' lang='lat' dir='ltr'><strong>quas</strong></span> <span class='ocrx_word' id='word_1_275' title='bbox 199 2553 360 2603; x_wconf 85' lang='lat' dir='ltr'><strong>beatitudine</strong></span> <span class='ocrx_word' id='word_1_276' title='bbox 379 2560 479 2603; x_wconf 83' lang='lat' dir='ltr'><strong>exuunt</strong></span> <span class='ocrx_word' id='word_1_277' title='bbox 490 2554 603 2603; x_wconf 87' lang='lat' dir='ltr'><strong>animum</strong></span> <span class='ocrx_word' id='word_1_278' title='bbox 616 2555 657 2605; x_wconf 87' lang='lat' dir='ltr'><strong>vel</strong></span> <span class='ocrx_word' id='word_1_279' title='bbox 726 2560 774 2606; x_wconf 79' lang='grc'><strong>337</strong></span> <span class='ocrx_word' id='word_1_280' title='bbox 788 2555 951 2618; x_wconf 69' lang='lat' dir='ltr'><strong>Fenisumqna</strong></span> <span class='ocrx_word' id='word_1_281' title='bbox 962 2555 1050 2617; x_wconf 70' lang='lat' dir='ltr'><strong>suum]</strong></span> <span class='ocrx_word' id='word_1_282' title='bbox 1067 2555 1110 2604; x_wconf 84' lang='lat' dir='ltr'><strong>Sic</strong></span> <span class='ocrx_word' id='word_1_283' title='bbox 1122 2554 1229 2604; x_wconf 87' lang='lat' dir='ltr'><strong>Oceano</strong></span> 
     </span>
     <span class='ocr_line' id='line_1_31' title="bbox 121 2628 1228 2694; baseline -0.002 -13"><span class='ocrx_word' id='word_1_284' title='bbox 121 2631 148 2682; x_wconf 87' lang='lat' dir='ltr'><strong>in</strong></span> <span class='ocrx_word' id='word_1_285' title='bbox 166 2629 256 2680; x_wconf 87' lang='lat' dir='ltr'><strong>mediis</strong></span> <span class='ocrx_word' id='word_1_286' title='bbox 272 2629 379 2692; x_wconf 86' lang='lat' dir='ltr'><strong>divitiis,</strong></span> <span class='ocrx_word' id='word_1_287' title='bbox 398 2629 490 2694; x_wconf 84' lang='lat' dir='ltr'><strong>quibua</strong></span> <span class='ocrx_word' id='word_1_288' title='bbox 508 2628 656 2680; x_wconf 83' lang='lat' dir='ltr'><strong>infestiores</strong></span> <span class='ocrx_word' id='word_1_289' title='bbox 694 2633 765 2683; x_wconf 89' lang='lat' dir='ltr'><strong>exire</strong></span> <span class='ocrx_word' id='word_1_290' title='bbox 776 2633 863 2681; x_wconf 86' lang='lat' dir='ltr'><strong>Solem</strong></span> <span class='ocrx_word' id='word_1_291' title='bbox 874 2631 908 2681; x_wconf 88' lang='lat' dir='ltr'><strong>ob</strong></span> <span class='ocrx_word' id='word_1_292' title='bbox 925 2631 1104 2680; x_wconf 87' lang='lat' dir='ltr'><strong>imminentem</strong></span> <span class='ocrx_word' id='word_1_293' title='bbox 1114 2638 1228 2694; x_wconf 82' lang='lat' dir='ltr'><strong>stragem</strong></span> 
     </span>
     <span class='ocr_line' id='line_1_32' title="bbox 122 2705 1231 2770; baseline -0.002 -14"><span class='ocrx_word' id='word_1_294' title='bbox 122 2707 202 2756; x_wconf 87' lang='lat' dir='ltr'><strong>etiam</strong></span> <span class='ocrx_word' id='word_1_295' title='bbox 214 2706 461 2770; x_wconf 84' lang='lat' dir='ltr'><strong>deprehenduntnr:</strong></span> <span class='ocrx_word' id='word_1_296' title='bbox 482 2708 551 2770; x_wconf 83' lang='lat' dir='ltr'><strong>apud</strong></span> <span class='ocrx_word' id='word_1_297' title='bbox 563 2707 656 2757; x_wconf 89' lang='lat' dir='ltr'><strong>Senec.</strong></span> <span class='ocrx_word' id='word_1_298' title='bbox 694 2708 870 2756; x_wconf 85' lang='lat' dir='ltr'><strong>Pharsalicam</strong></span> <span class='ocrx_word' id='word_1_299' title='bbox 877 2705 1046 2758; x_wconf 70' lang='lat' dir='ltr'><strong>facitlaucan.</strong></span> <span class='ocrx_word' id='word_1_300' title='bbox 1056 2707 1134 2756; x_wconf 84' lang='lat' dir='ltr'><strong>lun.</strong></span> <span class='ocrx_word' id='word_1_301' title='bbox 1150 2708 1231 2768; x_wconf 81' lang='lat' dir='ltr'><strong>‘Seg-</strong></span> 
     </span>
     <span class='ocr_line' id='line_1_33' title="bbox 122 2781 1232 2848; baseline -0.001 -15"><span class='ocrx_word' id='word_1_302' title='bbox 122 2783 208 2848; x_wconf 87' lang='lat' dir='ltr'><strong>Eplst.</strong></span> <span class='ocrx_word' id='word_1_303' title='bbox 229 2787 267 2833; x_wconf 78' lang='lat' dir='ltr'><strong>lt.</strong></span> <span class='ocrx_word' id='word_1_304' title='bbox 284 2783 377 2834; x_wconf 85' lang='lat' dir='ltr'><strong>‘Nihil</strong></span> <span class='ocrx_word' id='word_1_305' title='bbox 397 2781 480 2832; x_wconf 83' lang='lat' dir='ltr'><strong>refert</strong></span> <span class='ocrx_word' id='word_1_306' title='bbox 498 2788 583 2831; x_wconf 86' lang='lat' dir='ltr'><strong>ntrurn</strong></span> <span class='ocrx_word' id='word_1_307' title='bbox 603 2782 656 2830; x_wconf 91' lang='lat' dir='ltr'><strong>ani·</strong></span> <span class='ocrx_word' id='word_1_308' title='bbox 693 2784 751 2832; x_wconf 90' lang='lat' dir='ltr'><strong>nior</strong></span> <span class='ocrx_word' id='word_1_309' title='bbox 763 2783 882 2844; x_wconf 89' lang='lat' dir='ltr'><strong>Oceano,</strong></span> <span class='ocrx_word' id='word_1_310' title='bbox 893 2798 969 2846; x_wconf 73' lang='lat' dir='ltr'><strong>quiam</strong></span> <span class='ocrx_word' id='word_1_311' title='bbox 980 2783 1024 2830; x_wconf 85' lang='lat' dir='ltr'><strong>lex</strong></span> <span class='ocrx_word' id='word_1_312' title='bbox 1042 2790 1144 2831; x_wconf 75' lang='lat' dir='ltr'><strong>aterna</strong></span> <span class='ocrx_word' id='word_1_313' title='bbox 1155 2797 1232 2832; x_wconf 85' lang='lat' dir='ltr'><strong>voca·</strong></span> 
     </span>
     <span class='ocr_line' id='line_1_34' title="bbox 122 2857 1230 2925; baseline 0.001 -17"><span class='ocrx_word' id='word_1_314' title='bbox 122 2875 179 2910; x_wconf 90' lang='lat' dir='ltr'><strong>rnus</strong></span> <span class='ocrx_word' id='word_1_315' title='bbox 187 2874 258 2925; x_wconf 78' lang='lat' dir='ltr'><strong>aeger</strong></span> <span class='ocrx_word' id='word_1_316' title='bbox 269 2860 296 2909; x_wconf 91' lang='lat' dir='ltr'><strong>in</strong></span> <span class='ocrx_word' id='word_1_317' title='bbox 307 2859 405 2908; x_wconf 84' lang='lat' dir='ltr'><strong>divitiis</strong></span> <span class='ocrx_word' id='word_1_318' title='bbox 416 2874 450 2908; x_wconf 90' lang='lat' dir='ltr'><strong>an</strong></span> <span class='ocrx_word' id='word_1_319' title='bbox 462 2859 487 2908; x_wconf 92' lang='lat' dir='ltr'><strong>in</strong></span> <span class='ocrx_word' id='word_1_320' title='bbox 499 2866 656 2922; x_wconf 85' lang='lat' dir='ltr'><strong>paupertate</strong></span> <span class='ocrx_word' id='word_1_321' title='bbox 693 2859 747 2919; x_wconf 89' lang='lat' dir='ltr'><strong>bat,</strong></span> <span class='ocrx_word' id='word_1_322' title='bbox 759 2857 903 2908; x_wconf 86' lang='lat' dir='ltr'><strong>Luctificus</strong></span> <span class='ocrx_word' id='word_1_323' title='bbox 913 2860 991 2908; x_wconf 83' lang='lat' dir='ltr'><strong>Titan</strong></span> <span class='ocrx_word' id='word_1_324' title='bbox 1003 2873 1134 2922; x_wconf 87' lang='lat' dir='ltr'><strong>nunquam</strong></span> <span class='ocrx_word' id='word_1_325' title='bbox 1148 2858 1230 2922; x_wconf 74' lang='lat' dir='ltr'><strong>magis</strong></span> 
     </span>
     <span class='ocr_line' id='line_1_35' title="bbox 123 2934 1075 3003; baseline -0.006 -14"><span class='ocrx_word' id='word_1_326' title='bbox 123 2945 252 3003; x_wconf 81' lang='lat' dir='ltr'><strong>panetnr3</strong></span> <span class='ocrx_word' id='word_1_327' title='bbox 270 2937 364 2986; x_wconf 78' lang='lat' dir='ltr'><strong>rusalurn</strong></span> <span class='ocrx_word' id='word_1_328' title='bbox 383 2950 458 2985; x_wconf 90' lang='lat' dir='ltr'><strong>suurn</strong></span> <span class='ocrx_word' id='word_1_329' title='bbox 479 2936 551 2984; x_wconf 87' lang='lat' dir='ltr'><strong>illum</strong></span> <span class='ocrx_word' id='word_1_330' title='bbox 574 2934 657 3000; x_wconf 80' lang='lat' dir='ltr'><strong>sequi·</strong></span> <span class='ocrx_word' id='word_1_331' title='bbox 694 2935 793 2985; x_wconf 80' lang='lat' dir='ltr'><strong>athera</strong></span> <span class='ocrx_word' id='word_1_332' title='bbox 804 2942 896 2984; x_wconf 88' lang='lat' dir='ltr'><strong>contra</strong></span> <span class='ocrx_word' id='word_1_333' title='bbox 904 2934 967 2997; x_wconf 80' lang='lat' dir='ltr'><strong>Egit</strong></span> <span class='ocrx_word' id='word_1_334' title='bbox 978 2934 1075 2998; x_wconf 67' lang='lat' dir='ltr'><strong>equos!</strong></span> 
     </span>
     <span class='ocr_line' id='line_1_36' title="bbox 124 3011 1233 3075; baseline -0.002 -13"><span class='ocrx_word' id='word_1_335' title='bbox 124 3014 184 3064; x_wconf 72' lang='lat' dir='ltr'><strong>tur!</strong></span> <span class='ocrx_word' id='word_1_336' title='bbox 208 3014 299 3062; x_wconf 74' lang='lat' dir='ltr'><strong>Basti.</strong></span> <span class='ocrx_word' id='word_1_337' title='bbox 676 3026 680 3031; x_wconf 82' lang='grc'>’</span> <span class='ocrx_word' id='word_1_338' title='bbox 727 3016 776 3061; x_wconf 83' lang='grc'><strong>339</strong></span> <span class='ocrx_word' id='word_1_339' title='bbox 792 3011 909 3060; x_wconf 82' lang='lat' dir='ltr'><strong>Prosiluit</strong></span> <span class='ocrx_word' id='word_1_340' title='bbox 929 3011 1025 3075; x_wconf 66' lang='lat' dir='ltr'><strong>urstis]</strong></span> <span class='ocrx_word' id='word_1_341' title='bbox 1051 3012 1160 3062; x_wconf 73' lang='lat' dir='ltr'><strong>Desiluit</strong></span> <span class='ocrx_word' id='word_1_342' title='bbox 1183 3014 1233 3062; x_wconf 81' lang='lat' dir='ltr'><strong>Lu·</strong></span> 
     </span>
     <span class='ocr_line' id='line_1_37' title="bbox 156 3085 1233 3151; baseline -0.002 -12"><span class='ocrx_word' id='word_1_343' title='bbox 156 3091 201 3140; x_wconf 84' lang='lat' dir='ltr'><strong>Ille</strong></span> <span class='ocrx_word' id='word_1_344' title='bbox 216 3089 258 3137; x_wconf 82' lang='lat' dir='ltr'><strong>dis</strong></span> <span class='ocrx_word' id='word_1_345' title='bbox 274 3089 347 3148; x_wconf 83' lang='lat' dir='ltr'><strong>curis,</strong></span> <span class='ocrx_word' id='word_1_346' title='bbox 357 3086 411 3151; x_wconf 74' lang='lat' dir='ltr'><strong>isa]</strong></span> <span class='ocrx_word' id='word_1_347' title='bbox 436 3085 598 3135; x_wconf 78' lang='lat' dir='ltr'><strong>instantibus</strong></span> <span class='ocrx_word' id='word_1_348' title='bbox 613 3101 656 3135; x_wconf 90' lang='lat' dir='ltr'><strong>cu·</strong></span> <span class='ocrx_word' id='word_1_349' title='bbox 694 3087 794 3136; x_wconf 87' lang='lat' dir='ltr'><strong>censis:</strong></span> <span class='ocrx_word' id='word_1_350' title='bbox 808 3088 943 3136; x_wconf 85' lang='lat' dir='ltr'><strong>nonmale.</strong></span> <span class='ocrx_word' id='word_1_351' title='bbox 961 3088 1233 3150; x_wconf 84' lang='lat' dir='ltr'><strong>Fescenninistamen,</strong></span> 
     </span>
     <span class='ocr_line' id='line_1_38' title="bbox 122 3162 1231 3229; baseline -0.002 -12"><span class='ocrx_word' id='word_1_352' title='bbox 122 3167 167 3229; x_wconf 86' lang='lat' dir='ltr'><strong>ris,</strong></span> <span class='ocrx_word' id='word_1_353' title='bbox 189 3166 227 3214; x_wconf 89' lang='lat' dir='ltr'><strong>ait</strong></span> <span class='ocrx_word' id='word_1_354' title='bbox 250 3163 366 3225; x_wconf 89' lang='lat' dir='ltr'><strong>Curtius,</strong></span> <span class='ocrx_word' id='word_1_355' title='bbox 387 3162 488 3227; x_wconf 75' lang='lat' dir='ltr'><strong>agitant</strong></span> <span class='ocrx_word' id='word_1_356' title='bbox 514 3177 584 3224; x_wconf 84' lang='lat' dir='ltr'><strong>saepe</strong></span> <span class='ocrx_word' id='word_1_357' title='bbox 608 3176 656 3226; x_wconf 89' lang='lat' dir='ltr'><strong>per</strong></span> <span class='ocrx_word' id='word_1_358' title='bbox 693 3164 781 3212; x_wconf 89' lang='lat' dir='ltr'><strong>‘Turn</strong></span> <span class='ocrx_word' id='word_1_359' title='bbox 797 3162 882 3212; x_wconf 85' lang='lat' dir='ltr'><strong>victor</strong></span> <span class='ocrx_word' id='word_1_360' title='bbox 897 3163 1002 3213; x_wconf 88' lang='lat' dir='ltr'><strong>madido</strong></span> <span class='ocrx_word' id='word_1_361' title='bbox 1019 3165 1137 3228; x_wconf 87' lang='lat' dir='ltr'><strong>prosilias</strong></span> <span class='ocrx_word' id='word_1_362' title='bbox 1156 3165 1231 3216; x_wconf 63' lang='lat' dir='ltr'><strong>toro!</strong></span> 
     </span>
     <span class='ocr_line' id='line_1_39' title="bbox 123 3238 1164 3303; baseline -0.006 -10"><span class='ocrx_word' id='word_1_363' title='bbox 123 3241 250 3293; x_wconf 89' lang='lat' dir='ltr'><strong>somnium</strong></span> <span class='ocrx_word' id='word_1_364' title='bbox 277 3241 379 3303; x_wconf 88' lang='lat' dir='ltr'><strong>species</strong></span> <span class='ocrx_word' id='word_1_365' title='bbox 406 3238 596 3289; x_wconf 88' lang='lat' dir='ltr'><strong>imminentium</strong></span> <span class='ocrx_word' id='word_1_366' title='bbox 617 3251 657 3289; x_wconf 90' lang='lat' dir='ltr'><strong>re·</strong></span> <span class='ocrx_word' id='word_1_367' title='bbox 694 3240 729 3291; x_wconf 88' lang='lat' dir='ltr'><strong>D.</strong></span> <span class='ocrx_word' id='word_1_368' title='bbox 744 3240 829 3289; x_wconf 84' lang='lat' dir='ltr'><strong>Heins.</strong></span> <span class='ocrx_word' id='word_1_369' title='bbox 1161 3278 1164 3282; x_wconf 61' lang='grc'><strong>,</strong></span> 
     </span>
     <span class='ocr_line' id='line_1_40' title="bbox 124 3311 1233 3381; baseline 0 -14"><span class='ocrx_word' id='word_1_370' title='bbox 124 3333 188 3368; x_wconf 86' lang='lat' dir='ltr'><strong>rum.</strong></span> <span class='ocrx_word' id='word_1_371' title='bbox 206 3319 300 3366; x_wconf 62' lang='grc' dir='ltr'><strong>(ἵζανεν.</strong></span> <span class='ocrx_word' id='word_1_372' title='bbox 724 3311 858 3378; x_wconf 72' lang='lat' dir='ltr'><strong>Demque</strong></span> <span class='ocrx_word' id='word_1_373' title='bbox 875 3315 1057 3377; x_wconf 82' lang='lat' dir='ltr'><strong>capucintnrboe</strong></span> <span class='ocrx_word' id='word_1_374' title='bbox 1067 3315 1155 3381; x_wconf 65' lang='lat' dir='ltr'><strong>sena]</strong></span> <span class='ocrx_word' id='word_1_375' title='bbox 1182 3318 1233 3368; x_wconf 88' lang='lat' dir='ltr'><strong>Ro·</strong></span> 
     </span>
     <span class='ocr_line' id='line_1_41' title="bbox 156 3390 1233 3457; baseline 0 -15"><span class='ocrx_word' id='word_1_376' title='bbox 156 3394 228 3447; x_wconf 84' lang='lat' dir='ltr'><strong>Curis</strong></span> <span class='ocrx_word' id='word_1_377' title='bbox 248 3393 352 3441; x_wconf 76' lang='lat' dir='ltr'><strong>anienem</strong></span> <span class='ocrx_word' id='word_1_378' title='bbox 376 3391 555 3442; x_wconf 73' lang='lat' dir='ltr'><strong>stimulantibus</strong></span> <span class='ocrx_word' id='word_1_379' title='bbox 580 3390 656 3454; x_wconf 79' lang='lat' dir='ltr'><strong>sager]</strong></span> <span class='ocrx_word' id='word_1_380' title='bbox 694 3392 855 3444; x_wconf 86' lang='lat' dir='ltr'><strong>rnanisatria</strong></span> <span class='ocrx_word' id='word_1_381' title='bbox 871 3393 910 3442; x_wconf 88' lang='lat' dir='ltr'><strong>ita</strong></span> <span class='ocrx_word' id='word_1_382' title='bbox 926 3392 1233 3457; x_wconf 83' lang='lat' dir='ltr'><strong>disposita,ntplurlbns</strong></span> 
     </span>
     <span class='ocr_line' id='line_1_42' title="bbox 124 3466 1249 3532; baseline 0.002 -16"><span class='ocrx_word' id='word_1_383' title='bbox 124 3473 227 3532; x_wconf 72' lang='lat' dir='ltr'><strong>AEgsum</strong></span> <span class='ocrx_word' id='word_1_384' title='bbox 239 3469 322 3520; x_wconf 82' lang='lat' dir='ltr'><strong>Aldus</strong></span> <span class='ocrx_word' id='word_1_385' title='bbox 334 3474 362 3517; x_wconf 87' lang='lat' dir='ltr'><strong>et</strong></span> <span class='ocrx_word' id='word_1_386' title='bbox 373 3468 464 3532; x_wconf 87' lang='lat' dir='ltr'><strong>scripti</strong></span> <span class='ocrx_word' id='word_1_387' title='bbox 483 3467 539 3521; x_wconf 82' lang='lat' dir='ltr'><strong>fere</strong></span> <span class='ocrx_word' id='word_1_388' title='bbox 550 3481 655 3516; x_wconf 84' lang='lat' dir='ltr'><strong>ornnes:</strong></span> <span class='ocrx_word' id='word_1_389' title='bbox 693 3468 843 3518; x_wconf 80' lang='lat' dir='ltr'><strong>interstitiis</strong></span> <span class='ocrx_word' id='word_1_390' title='bbox 866 3466 990 3516; x_wconf 85' lang='lat' dir='ltr'><strong>admissos</strong></span> <span class='ocrx_word' id='word_1_391' title='bbox 1011 3467 1037 3515; x_wconf 91' lang='lat' dir='ltr'><strong>in</strong></span> <span class='ocrx_word' id='word_1_392' title='bbox 1062 3468 1146 3531; x_wconf 86' lang='lat' dir='ltr'><strong>prima</strong></span> <span class='ocrx_word' id='word_1_393' title='bbox 1173 3468 1249 3518; x_wconf 76' lang='lat' dir='ltr'><strong>loce·</strong></span> 
     </span>
     <span class='ocr_line' id='line_1_43' title="bbox 124 3544 1233 3615; baseline -0.005 -15"><span class='ocrx_word' id='word_1_394' title='bbox 124 3551 192 3615; x_wconf 88' lang='lat' dir='ltr'><strong>quod</strong></span> <span class='ocrx_word' id='word_1_395' title='bbox 211 3549 309 3599; x_wconf 89' lang='lat' dir='ltr'><strong>frustra</strong></span> <span class='ocrx_word' id='word_1_396' title='bbox 331 3546 478 3610; x_wconf 87' lang='lat' dir='ltr'><strong>improbant</strong></span> <span class='ocrx_word' id='word_1_397' title='bbox 499 3546 547 3595; x_wconf 82' lang='lat' dir='ltr'><strong>uiri</strong></span> <span class='ocrx_word' id='word_1_398' title='bbox 566 3546 655 3596; x_wconf 82' lang='lat' dir='ltr'><strong>docti:</strong></span> <span class='ocrx_word' id='word_1_399' title='bbox 694 3545 853 3594; x_wconf 82' lang='lat' dir='ltr'><strong>sustinerent</strong></span> <span class='ocrx_word' id='word_1_400' title='bbox 870 3545 904 3594; x_wconf 91' lang='lat' dir='ltr'><strong>ab</strong></span> <span class='ocrx_word' id='word_1_401' title='bbox 924 3544 1101 3595; x_wconf 85' lang='lat' dir='ltr'><strong>ulterioribus.</strong></span> <span class='ocrx_word' id='word_1_402' title='bbox 1136 3546 1233 3610; x_wconf 87' lang='lat' dir='ltr'><strong>Neque</strong></span> 
     </span>
     <span class='ocr_line' id='line_1_44' title="bbox 124 3620 1235 3685; baseline -0.005 -8"><span class='ocrx_word' id='word_1_403' title='bbox 124 3630 161 3678; x_wconf 83' lang='lat' dir='ltr'><strong>sie</strong></span> <span class='ocrx_word' id='word_1_404' title='bbox 172 3627 251 3678; x_wconf 82' lang='lat' dir='ltr'><strong>ovid.</strong></span> <span class='ocrx_word' id='word_1_405' title='bbox 263 3626 306 3675; x_wconf 89' lang='lat' dir='ltr'><strong>lib.</strong></span> <span class='ocrx_word' id='word_1_406' title='bbox 318 3639 337 3674; x_wconf 90' lang='grc' dir='ltr'><strong>ι.</strong></span> <span class='ocrx_word' id='word_1_407' title='bbox 350 3625 427 3674; x_wconf 87' lang='lat' dir='ltr'><strong>Rern.</strong></span> <span class='ocrx_word' id='word_1_408' title='bbox 439 3623 499 3673; x_wconf 79' lang='lat' dir='ltr'><strong>nm.</strong></span> <span class='ocrx_word' id='word_1_409' title='bbox 516 3626 524 3652; x_wconf 89' lang='lat'>‘</span> <span class='ocrx_word' id='word_1_410' title='bbox 537 3624 602 3673; x_wconf 86' lang='lat' dir='ltr'><strong>Cum</strong></span> <span class='ocrx_word' id='word_1_411' title='bbox 611 3623 656 3672; x_wconf 89' lang='lat' dir='ltr'><strong>de·</strong></span> <span class='ocrx_word' id='word_1_412' title='bbox 693 3621 720 3671; x_wconf 91' lang='lat' dir='ltr'><strong>id</strong></span> <span class='ocrx_word' id='word_1_413' title='bbox 733 3621 784 3669; x_wconf 87' lang='lat' dir='ltr'><strong>alia</strong></span> <span class='ocrx_word' id='word_1_414' title='bbox 796 3622 906 3682; x_wconf 87' lang='lat' dir='ltr'><strong>ratione,</strong></span> <span class='ocrx_word' id='word_1_415' title='bbox 917 3634 994 3685; x_wconf 83' lang='lat' dir='ltr'><strong>qrram</strong></span> <span class='ocrx_word' id='word_1_416' title='bbox 1006 3627 1036 3669; x_wconf 88' lang='lat' dir='ltr'><strong>nt</strong></span> <span class='ocrx_word' id='word_1_417' title='bbox 1046 3620 1125 3670; x_wconf 85' lang='lat' dir='ltr'><strong>amici</strong></span> <span class='ocrx_word' id='word_1_418' title='bbox 1136 3621 1235 3672; x_wconf 84' lang='lat' dir='ltr'><strong>saluta·</strong></span> 
     </span>
     <span class='ocr_line' id='line_1_45' title="bbox 123 3697 1235 3766; baseline -0.004 -13"><span class='ocrx_word' id='word_1_419' title='bbox 123 3705 192 3756; x_wconf 86' lang='lat' dir='ltr'><strong>derit</strong></span> <span class='ocrx_word' id='word_1_420' title='bbox 211 3705 339 3766; x_wconf 87' lang='lat' dir='ltr'><strong>lacrymas</strong></span> <span class='ocrx_word' id='word_1_421' title='bbox 357 3700 520 3764; x_wconf 87' lang='lat' dir='ltr'><strong>animumque</strong></span> <span class='ocrx_word' id='word_1_422' title='bbox 534 3700 656 3763; x_wconf 76' lang='lat' dir='ltr'><strong>expleve-</strong></span> <span class='ocrx_word' id='word_1_423' title='bbox 694 3704 750 3748; x_wconf 81' lang='lat' dir='ltr'><strong>tuni</strong></span> <span class='ocrx_word' id='word_1_424' title='bbox 771 3699 905 3747; x_wconf 80' lang='lat' dir='ltr'><strong>venientes</strong></span> <span class='ocrx_word' id='word_1_425' title='bbox 924 3697 968 3746; x_wconf 91' lang='lat' dir='ltr'><strong>alii</strong></span> <span class='ocrx_word' id='word_1_426' title='bbox 986 3697 1042 3746; x_wconf 87' lang='lat' dir='ltr'><strong>aliis</strong></span> <span class='ocrx_word' id='word_1_427' title='bbox 1062 3697 1170 3759; x_wconf 90' lang='lat' dir='ltr'><strong>propius</strong></span> <span class='ocrx_word' id='word_1_428' title='bbox 1189 3698 1235 3749; x_wconf 85' lang='lat' dir='ltr'><strong>ad·</strong></span> 
     </span>
     <span class='ocr_line' id='line_1_46' title="bbox 118 3773 1236 3842; baseline -0.004 -13"><span class='ocrx_word' id='word_1_429' title='bbox 118 3781 158 3830; x_wconf 81' lang='lat' dir='ltr'><strong>rit</strong></span> <span class='ocrx_word' id='word_1_430' title='bbox 177 3776 300 3842; x_wconf 78' lang='lat' dir='ltr'><strong>agrumr&#39;</strong></span> <span class='ocrx_word' id='word_1_431' title='bbox 316 3784 344 3825; x_wconf 85' lang='lat' dir='ltr'><strong>et</strong></span> <span class='ocrx_word' id='word_1_432' title='bbox 361 3775 479 3838; x_wconf 87' lang='lat' dir='ltr'><strong>apposito</strong></span> <span class='ocrx_word' id='word_1_433' title='bbox 501 3774 657 3826; x_wconf 84' lang='lat' dir='ltr'><strong>ValFlaec.</strong></span> <span class='ocrx_word' id='word_1_434' title='bbox 694 3775 878 3834; x_wconf 79' lang='lat' dir='ltr'><strong>mitterentur3</strong></span> <span class='ocrx_word' id='word_1_435' title='bbox 903 3773 1075 3822; x_wconf 82' lang='lat' dir='ltr'><strong>distinxerant</strong></span> <span class='ocrx_word' id='word_1_436' title='bbox 1099 3773 1170 3823; x_wconf 85' lang='lat' dir='ltr'><strong>enirn</strong></span> <span class='ocrx_word' id='word_1_437' title='bbox 1192 3787 1236 3825; x_wconf 85' lang='lat' dir='ltr'><strong>eo·</strong></span> 
     </span>
     <span class='ocr_line' id='line_1_47' title="bbox 122 3845 1235 3914; baseline -0.005 -8"><span class='ocrx_word' id='word_1_438' title='bbox 122 3856 166 3906; x_wconf 86' lang='lat' dir='ltr'><strong>lib.</strong></span> <span class='ocrx_word' id='word_1_439' title='bbox 184 3869 222 3904; x_wconf 81' lang='lat' dir='ltr'><strong>vr.</strong></span> <span class='ocrx_word' id='word_1_440' title='bbox 244 3852 373 3902; x_wconf 84' lang='lat' dir='ltr'><strong>‘Talibus</strong></span> <span class='ocrx_word' id='word_1_441' title='bbox 395 3865 464 3913; x_wconf 76' lang='lat' dir='ltr'><strong>aegra</strong></span> <span class='ocrx_word' id='word_1_442' title='bbox 485 3866 590 3900; x_wconf 75' lang='lat' dir='ltr'><strong>»novena</strong></span> <span class='ocrx_word' id='word_1_443' title='bbox 612 3866 657 3901; x_wconf 91' lang='lat' dir='ltr'><strong>ne·</strong></span> <span class='ocrx_word' id='word_1_444' title='bbox 695 3866 751 3900; x_wconf 85' lang='lat' dir='ltr'><strong>runs</strong></span> <span class='ocrx_word' id='word_1_445' title='bbox 771 3850 883 3914; x_wconf 84' lang='lat' dir='ltr'><strong>agmina,</strong></span> <span class='ocrx_word' id='word_1_446' title='bbox 903 3856 931 3898; x_wconf 90' lang='lat' dir='ltr'><strong>et</strong></span> <span class='ocrx_word' id='word_1_447' title='bbox 948 3863 995 3912; x_wconf 84' lang='lat' dir='ltr'><strong>pro</strong></span> <span class='ocrx_word' id='word_1_448' title='bbox 1013 3845 1111 3897; x_wconf 83' lang='lat' dir='ltr'><strong>effectu</strong></span> <span class='ocrx_word' id='word_1_449' title='bbox 1130 3849 1235 3912; x_wconf 74' lang='lat' dir='ltr'><strong>ingenti</strong></span> 
     </span>
     <span class='ocr_line' id='line_1_48' title="bbox 126 3924 1235 3996; baseline -0.006 -15"><span class='ocrx_word' id='word_1_450' title='bbox 126 3932 263 3996; x_wconf 86' lang='lat' dir='ltr'><strong>quicqnam</strong></span> <span class='ocrx_word' id='word_1_451' title='bbox 275 3927 483 3994; x_wconf 60' lang='lat' dir='ltr'><strong>walorannus!</strong></span> <span class='ocrx_word' id='word_1_452' title='bbox 510 3928 588 3978; x_wconf 88' lang='lat' dir='ltr'><strong>Prior</strong></span> <span class='ocrx_word' id='word_1_453' title='bbox 599 3928 658 3979; x_wconf 77' lang='lat' dir='ltr'><strong>Lei·</strong></span> <span class='ocrx_word' id='word_1_454' title='bbox 694 3927 848 3990; x_wconf 77' lang='lat' dir='ltr'><strong>nabebatur,</strong></span> <span class='ocrx_word' id='word_1_455' title='bbox 867 3927 973 3990; x_wconf 89' lang='lat' dir='ltr'><strong>propius</strong></span> <span class='ocrx_word' id='word_1_456' title='bbox 992 3924 1138 3974; x_wconf 88' lang='lat' dir='ltr'><strong>Patronurn</strong></span> <span class='ocrx_word' id='word_1_457' title='bbox 1160 3939 1235 3975; x_wconf 84' lang='lat' dir='ltr'><strong>ecce·</strong></span> 
     </span>
     <span class='ocr_line' id='line_1_49' title="bbox 124 4000 1236 4069; baseline -0.003 -12"><span class='ocrx_word' id='word_1_458' title='bbox 124 4008 211 4058; x_wconf 88' lang='lat' dir='ltr'><strong>densis</strong></span> <span class='ocrx_word' id='word_1_459' title='bbox 235 4021 311 4069; x_wconf 71' lang='lat' dir='ltr'><strong>regn,</strong></span> <span class='ocrx_word' id='word_1_460' title='bbox 331 4005 411 4056; x_wconf 88' lang='lat' dir='ltr'><strong>etiam</strong></span> <span class='ocrx_word' id='word_1_461' title='bbox 438 4020 490 4055; x_wconf 91' lang='lat' dir='ltr'><strong>non</strong></span> <span class='ocrx_word' id='word_1_462' title='bbox 515 4005 591 4055; x_wconf 84' lang='lat' dir='ltr'><strong>male.</strong></span> <span class='ocrx_word' id='word_1_463' title='bbox 622 4005 657 4054; x_wconf 85' lang='lat' dir='ltr'><strong>D.</strong></span> <span class='ocrx_word' id='word_1_464' title='bbox 696 4003 855 4067; x_wconf 87' lang='lat' dir='ltr'><strong>dereposse.</strong></span> <span class='ocrx_word' id='word_1_465' title='bbox 887 4003 981 4052; x_wconf 79' lang='lat' dir='ltr'><strong>senec.</strong></span> <span class='ocrx_word' id='word_1_466' title='bbox 993 4000 1236 4054; x_wconf 65' lang='lat' dir='ltr'><strong>deessemus&amp;</strong></span> 
     </span>
     <span class='ocr_line' id='line_1_50' title="bbox 125 4080 786 4136; baseline -0.012 0"><span class='ocrx_word' id='word_1_467' title='bbox 125 4082 215 4136; x_wconf 52' lang='grc' dir='ltr'><strong>ΗΜ·</strong></span> <span class='ocrx_word' id='word_1_468' title='bbox 627 4108 630 4116; x_wconf 94' lang='grc'><strong>“</strong></span> <span class='ocrx_word' id='word_1_469' title='bbox 697 4080 786 4132; x_wconf 62' lang='lat' dir='ltr'>Bam!-</span> 
     </span>
     <span class='ocr_line' id='line_1_51' title="bbox 156 4150 1236 4223; baseline -0.008 -11"><span class='ocrx_word' id='word_1_470' title='bbox 156 4162 206 4223; x_wconf 75' lang='grc'><strong>333</strong></span> <span class='ocrx_word' id='word_1_471' title='bbox 222 4157 319 4210; x_wconf 74' lang='lat' dir='ltr'><strong>curtos</strong></span> <span class='ocrx_word' id='word_1_472' title='bbox 337 4155 396 4223; x_wconf 81' lang='lat' dir='ltr'><strong>eso]</strong></span> <span class='ocrx_word' id='word_1_473' title='bbox 423 4157 456 4209; x_wconf 89' lang='lat' dir='ltr'><strong>In</strong></span> <span class='ocrx_word' id='word_1_474' title='bbox 476 4158 599 4214; x_wconf 85' lang='lat' dir='ltr'><strong>Palatino</strong></span> <span class='ocrx_word' id='word_1_475' title='bbox 617 4173 660 4210; x_wconf 81' lang='lat' dir='ltr'><strong>aa·</strong></span> <span class='ocrx_word' id='word_1_476' title='bbox 730 4159 778 4206; x_wconf 74' lang='lat' dir='ltr'><strong>dli)</strong></span> <span class='ocrx_word' id='word_1_477' title='bbox 793 4155 868 4206; x_wconf 76' lang='lat' dir='ltr'><strong>Atria</strong></span> <span class='ocrx_word' id='word_1_478' title='bbox 878 4155 952 4219; x_wconf 75' lang='lat' dir='ltr'><strong>jasir</strong></span> <span class='ocrx_word' id='word_1_479' title='bbox 961 4151 1094 4220; x_wconf 77' lang='lat' dir='ltr'><strong>splendere]</strong></span> <span class='ocrx_word' id='word_1_480' title='bbox 1115 4150 1161 4209; x_wconf 83' lang='lat' dir='ltr'><strong>Atl</strong></span> <span class='ocrx_word' id='word_1_481' title='bbox 1179 4167 1236 4207; x_wconf 77' lang='lat' dir='ltr'><strong>ruo·</strong></span> 
     </span>
    </p>
   </div>
   <div class='ocr_carea' id='block_1_5' title="bbox 0 0 1362 4702">
    <p class='ocr_par' dir='ltr' id='par_1_5' title="bbox 0 0 1362 4702">
     <span class='ocr_line' id='line_1_52' title="bbox 0 0 1362 4702; baseline 0 0"><span class='ocrx_word' id='word_1_482' title='bbox 0 0 1362 4702; x_wconf 95' lang='lat' dir='ltr'><strong> </strong></span> 
     </span>
    </p>
   </div>
  </div>
 </body>
</html>
