2700 4702
206 283 294 352 1388
380 299 489 347 norm
513 298 715 348 vnuronuu
741 299 780 348 ru
805 299 1137 358 cr..cnnuu.v111.

206 431 275 489 mina
286 437 409 488 Numina.
420 439 511 488 Burtlt.
811 441 917 491 Fortuna
928 441 1041 504 dedisset]
1057 441 1181 506 Quinque
1196 441 1254 492 libri
1267 459 1305 493 au·

239 518 287 563 2⁰7
307 515 412 578 Utroque
431 516 534 565 reluceat
553 515 653 578 Frater]
680 517 740 566 Fra·
777 521 878 576 turn,et
892 518 929 566 sic
941 532 974 565 ex
986 519 1037 566 stria
1049 517 1133 567 Andr.
1152 520 1306 569 Scbottuaiu

205 590 398 651 ternaspecies.
416 590 492 639 Idem.
778 591 1019 642 Observationibus'.
1038 603 1126 643 noster
1136 593 1225 645 infra:
1242 597 1307 647 ‘not¹

238 669 286 713 208
303 665 395 713 Similia
406 665 510 729 cliuus
520 665 594 730 effluit
605 666 674 729 nuto]
699 667 739 716 Si·
777 673 816 717 tro
828 683 876 718 nec
893 669 974 718 debes
992 685 1071 733 regna
1090 669 1174 720 favori
1186 673 1254 724 Qum
1265 671 1306 722 tibi

204 741 257 789 mili
269 740 404 804 legendum
421 741 476 804 jam
497 742 595 790 monuit
615 742 655 790 ct.
673 743 739 792 Gru·
772 744 828 807 jam
852 753 945 795 natura
963 745 1054 795 dedit!
1075 746 1206 810 improbat
1226 755 1307 801 tamea

205 817 296 866 novius
309 817 446 867 Observat.
459 816 503 865 lib.
515 830 546 866 rr.
560 832 584 866 c.
594 822 618 866 7.
629 825 658 866 et
670 817 738 866 curis
777 820 909 869 Barthius.
921 822 1012 869 tolieret
1020 821 1097 870 etiarn
1106 822 1174 871 liber
1182 821 1307 887 [singr’mi.

204 895 325 944 secundis
340 893 470 942 Barthiua.
489 894 531 958 qui
552 894 658 943 alteram
678 909 738 942 con·
776 893 887 943 diximus
899 911 978 958 supra
990 911 1014 944 v.
1030 901 1085 946 117.
1101 897 1165 946 nibil
1178 904 1308 949 tamenn·

199 968 333 1032 jecturam
344 970 427 1030 addit,
442 969 516 1018 simili
534 984 601 1017 nuru.
629 969 738 1019 Luceni.
776 987 845 1022 mere
867 981 975 1021 mutem.
990 989 1050 1023 mox
1068 974 1171 1036 Astyria
1190 989 1234 1024 m
1258 989 1307 1026 m

204 1053 289 1096 etsex
308 1047 352 1094 alii
372 1061 403 1093 ex
422 1045 517 1094 nostris
537 1043 691 1094 confirmant
708 1042 738 1091 rb
775 1047 1044 1111 Arraeioduoscripti.
1061 1048 1097 1098 D.
1111 1049 1201 1099 Heiat.

202 1121 354 1171 timdiouro.
367 1121 737 1184 prorelucttscptemreluceat.
808 1127 854 1172 215
874 1125 961 1173 Procul
982 1126 1139 1188 ueneroadua]
1172 1125 1307 1190 Ingentem

203 1196 295 1261 probe.
313 1197 347 1246 D.
362 1198 447 1246 Heium.
775 1199 973 1261 amplitudinem
982 1200 1083 1249 Persici
1092 1201 1178 1262 Regni
1186 1201 1308 1266 intellige.

234 1272 450 1336 Similitudinum
470 1273 558 1338 effluit]
575 1274 612 1323 Ut
632 1279 737 1322 ventum
774 1272 868 1322 Tacite
879 1274 958 1322 etiam
970 1274 1068 1322 cultum
1089 1275 1139 1323 hoc
1160 1275 1308 1338 gemulia-

203 1346 295 1398 innuat
314 1349 448 1397 tollentem
467 1348 586 1408 amictus,
605 1348 674 1412 quod
687 1347 738 1397 for·
775 1364 844 1412 gum,
856 1351 945 1412 procul
957 1349 1158 1400 adorandorum.
1176 1350 1269 1399 Burtlt.

203 1424 280 1474 mosis
308 1424 459 1487 corporibus
488 1438 605 1487 maguum
636 1424 737 1473 decoris
807 1427 855 1472 216
873 1424 983 1486 drancio]
1027 1424 1126 1473 Omnes
1155 1427 1307 1476 Parthorum

204 1504 378 1562 augmentum.
411 1499 463 1548 Sed
475 1498 507 1547 de
514 1498 682 1548 similitudine
693 1500 737 1547 ha·
775 1497 860 1560 Reges
875 1497 977 1548 Arsacii
996 1506 1042 1548 aut
1061 1498 1209 1563 Arsacidae,
1226 1507 1257 1550 ut
1277 1501 1306 1553 ab

203 1575 274 1626 bitus
290 1576 331 1626 bic
352 1583 380 1626 et
401 1576 623 1638 vestimentorum,
642 1591 736 1626 sermo.
773 1571 924 1622 Alexandro
936 1573 1115 1637 AEgyptiorum
1134 1575 1284 1627 Ptolomaei.

203 1651 292 1702 Boreo.
808 1648 977 1712 Counurgeret]
994 1650 1097 1700 Alludit
1105 1651 1175 1715 qnod
1186 1652 1266 1701 modo
1274 1652 1307 1700 in·

234 1733 284 1778 209
301 1728 397 1778 Stellati
406 1728 498 1791 puriter
511 1728 597 1791 criuea]
613 1726 736 1776 Fabulam
774 1725 868 1786 dicari,
881 1734 981 1775 rectum
994 1728 1084 1775 tiaram
1102 1728 1201 1776 nemini
1214 1727 1308 1790 gestari

203 1803 344 1853 Poetarum
361 1804 454 1853 alludit
473 1804 579 1867 singulis
599 1805 736 1854 Castorum
773 1800 871 1849 licitum
884 1807 981 1864 praeter
991 1803 1098 1865 Regem.
1119 1803 1212 1852 Barth.

202 1879 321 1929 Fratrum
333 1881 448 1944 singulas
459 1882 548 1930 stellas
558 1882 583 1929 iu
597 1882 684 1946 capite
694 1882 736 1932 vel
805 1881 853 1925 217
869 1877 1102 1941 Luxuquefluentem
1114 1878 1219 1942 Decide]
1236 1880 1305 1930 More

202 1954 289 2007 fronte
300 1957 468 2018 assignantes.
488 1959 560 2006 idem.
774 1954 873 2015 Regum
885 1954 1012 2017 Orientis,
1023 1970 1105 2019 usqne
1124 1955 1158 2004 ad
1176 1955 1305 2009 infamiam

233 2032 309 2082 Juvat
330 2033 381 2096 ipre
401 2034 528 2082 lbuuruem
551 2033 640 2096 Error]
668 2033 735 2083 Dum
773 2031 922 2079 aananis
938 2032 1039 2081 deliciis
1050 2030 1237 2096 diffluentium,
1248 2035 1305 2083 licet

202 2107 310 2159 alterum
323 2123 370 2170 pro
378 2109 463 2157 altero
472 2114 571 2157 censet.
589 2109 663 2157 idem.
773 2112 801 2154 et
811 2105 855 2153 isti
864 2120 951 2154 eorum
961 2121 1044 2155 mores
1053 2105 1131 2155 facile
1141 2106 1304 2170 adsciverint,

233 2191 282 2236 211
302 2185 416 2248 Eurotas]
439 2184 497 2235 Θεὸς
513 2185 644 2248 ἐπιχώριος.
678 2187 736 2236 Flu.
773 2182 806 2230 de
820 2182 911 2246 quibus
923 2184 1000 2232 nullae
1018 2198 1070 2232 nou
1083 2183 1209 2234 recinunt
1221 2184 1304 2234 Histo-

201 2276 261 2312 men
274 2262 404 2322 Laconia,
416 2262 449 2311 ud
462 2261 530 2326 quod
542 2263 645 2312 educati
658 2263 736 2325 gemi·
773 2257 828 2305 rlae·
845 2257 919 2306 Idem·

203 2337 239 2388 ni.
256 2339 333 2388 idem.
806 2336 855 2382 218
872 2333 993 2382 Nobilitas
1017 2339 1096 2397 posset
1115 2339 1141 2383 to
1162 2337 1215 2383 solu
1235 2334 1302 2396 tueri]

233 2417 282 2463 212
299 2413 400 2476 Dum]
435 2413 517 2474 Autu3
552 2429 611 2463 nam
645 2416 735 2464 summi
773 2410 878 2458 Summa
888 2410 1012 2458 sermonis
1030 2418 1071 2459 eat
1083 2415 1205 2477 Romano,
1214 2411 1301 2460 bomini

202 2489 347 2554 splendoris
374 2504 459 2553 capax
494 2490 572 2539 etiam
602 2490 648 2540 illa
675 2506 735 2542 vox,
773 2485 1115 2550 Principiqueuobilitatem
1132 2488 1189 2536 sine
1211 2489 1302 2537 virtuto

201 2565 292 2615 Maro:
309 2565 453 2615 ‘Panditur
462 2565 662 2616 intereadomus
672 2568 736 2617 om.
772 2556 834 2608 nulli
844 2562 933 2625 gloriae
943 2576 1007 2612 esne.
1040 2563 1083 2612 Sic
1096 2562 1175 2622 inira,
1192 2565 1301 2622 ‘virtute

200 2641 344 2704 nipoteutis
357 2641 482 2706 Olympi!
773 2637 860 2698 decet,
872 2639 1062 2700 consanguine,
1072 2640 1136 2688 uiti.'
1154 2641 1230 2691 Idem.

236 2716 303 2765 Tulin
314 2715 401 2778 terum]
419 2717 499 2766 Nulla
519 2716 646 2779 doctrina,
663 2719 733 2770 nulla
805 2716 853 2761 219
869 2713 965 2778 Altero]
983 2714 1043 2763 Alia
1054 2729 1158 2777 prorsus
1168 2717 1299 2774 Tibullus:
1340 2758 1342 2765 ,

200 2792 339 2856 sapientia,
355 2794 424 2842 uulla
441 2793 480 2841 vis
498 2793 603 2855 ingenii,
621 2809 667 2856 pro
680 2795 734 2858 dig.
772 2785 866 2837 ‘Alter
889 2790 971 2838 dictet
994 2805 1057 2854 opus
1077 2792 1163 2856 magui
1186 2791 1301 2841 mirabile

200 2867 283 2916 nitate
293 2868 336 2915 lias
349 2882 400 2932 seq.
413 2869 523 2930 paginas
531 2873 577 2916 aut
588 2870 734 2920 enarrarint
773 2864 877 2914 mundi!

200 2949 245 2992 aut
255 2945 416 3006 exceperint.
446 2946 501 2993 Nos
512 2944 621 2993 strictim
631 2952 734 2994 senten·
805 2941 891 2990 Altera
903 2940 1027 3004 Romuuoe]
1045 2943 1142 2993 Cwieri
1151 2945 1223 2994 enim
1232 2945 1301 2996 Prin·

151 3028 154 3043 ·
200 3019 249 3068 tias
259 3020 396 3068 nonnullas
414 3026 557 3083 tangamus,
574 3035 624 3068 non
647 3028 675 3068 ut
689 3022 733 3071 de.
772 3015 844 3079 cipes
872 3018 1008 3080 Regesque
1035 3018 1160 3068 Barbaria
1183 3030 1213 3069 et
1234 3022 1302 3070 velut

199 3093 333 3156 ducamus,
350 3094 395 3143 sed
409 3102 438 3144 ut
450 3109 552 3144 sensnm
566 3096 733 3159 expediamus
773 3091 864 3141 belluis
884 3093 1050 3155 imperitant:
1068 3095 1178 3143 Romani
1197 3111 1247 3146 non
1267 3110 1302 3153 ao·

199 3168 324 3218 similibus
336 3169 464 3231 aliquibus
476 3169 592 3233 adjectis.
612 3171 700 3220 Bortb.
772 3169 822 3217 lum
835 3170 960 3232 homiues,
978 3170 1022 3218 sed
1033 3179 1062 3219 et
1072 3171 1170 3220 liberos
1183 3174 1303 3236 nominer,

232 3248 279 3293 213
299 3245 399 3308 Fertur]
416 3245 550 3309 Tanquam
571 3261 656 3295 sermo
665 3249 744 3309 cele·¹
771 3245 949 3296 moderantur.
984 3246 1188 3311 Hocest,quod
1205 3250 1304 3312 sapien·

137 3371 141 3378 „
198 3318 715 3384 britatembabeat‚inpopulumeditua.
771 3321 867 3370 tissime
887 3322 981 3384 ingerit
1001 3322 1043 3372 bic
1070 3324 1220 3388 Imperator
1246 3325 1303 3378 fito.

230 3395 343 3458 Ditione]
392 3395 516 3460 Imperio,
548 3397 732 3448 moderatione.
771 3397 861 3445 Bortb.

200 3471 289 3521 narrt.
802 3476 851 3522 220
872 3473 966 3522 Virtute
982 3476 1049 3523 decet
1063 3490 1109 3523 uon
1118 3477 1238 3538 sanguiue
1248 3477 1302 3540 tritt]

229 3552 277 3598 214
298 3546 453 3610 Parthorum]
481 3547 643 3611 Pnrtlricnm,
663 3550 731 3612 quod
771 3548 851 3609 Lege,
863 3547 943 3597 iustar
952 3550 1074 3611 omnium,
1083 3556 1166 3599 totam
1175 3551 1303 3602 Octavam

198 3629 253 3672 tum
265 3623 408 3683 Persicum,
430 3629 458 3673 et
478 3623 624 3673 Romanum
646 3625 731 3687 lmpe·
770 3624 887 3685 Satyrum
898 3623 1039 3675 luvenalis.

198 3697 274 3761 rium,
282 3698 332 3747 duo
343 3699 453 3747 unanima
463 3713 547 3747 rernm
556 3701 731 3751 humanarum.
802 3699 934 3762 Sanguine]
946 3700 1061 3762 Genere,
1070 3701 1223 3753 stemmate.
1232 3704 1303 3752 Burt.

229 3774 332 3838 Solium]
357 3776 496 3837 Turonum,
519 3776 627 3838 Regiam
649 3777 732 3839 digni·
801 3780 848 3825 221
868 3777 983 3836 Muioret
996 3775 1153 3839 utiliorfuto]
1171 3779 1303 3828 Nonultt·

199 3855 287 3900 tatem.
769 3854 819 3901 rior
831 3852 900 3912 sueto
912 3853 971 3901 libri
988 3852 1045 3902 iere
1062 3867 1160 3916 omues,
1178 3863 1207 3903 et
1222 3863 1303 3904 recte.

227 3926 373 3974 Purtborom
381 3926 477 3988 notium]
493 3923 610 3976 Thronus
624 3927 731 3992 Regius,
772 3930 863 3978 Fatum
876 3944 932 3976 cum
942 3928 1047 3978 fortuna
1056 3927 1303 3992 frequenterpoelta

198 4004 271 4049 tanta
284 4016 350 4049 nnuc
372 4017 474 4065 quoque
489 4003 557 4067 apud
571 4003 730 4053 Christianos
770 4003 939 4053 contundunt.
959 4013 987 4052 ut
1008 4003 1076 4066 apud
1097 4005 1196 4054 Lucan.
1217 4005 1263 4055 lib.
1276 4020 1303 4056 x.

196 4075 331 4122 nonnullos
355 4076 491 4140 Principes
513 4080 679 4140 auctoritate,
702 4088 731 4130 ut
767 4077 828 4126 ‘Ad
842 4079 927 4126 scelus
940 4079 1053 4142 ingentis
1069 4076 1117 4127 fati
1130 4081 1235 4130 sumus!
1248 4096 1304 4147 quar

195 4146 250 4197 siue
279 4151 444 4202 veneratione
467 4168 517 4204 uon
544 4154 730 4221 conspiciatur.
770 4168 831 4204 vera
850 4153 888 4202 ibi
908 4155 997 4205 lectio.
1033 4154 1165 4203 Caeternm
1181 4155 1304 4207 Lucensis

198 4223 288 4276 narra
395 4283 397 4288 .
505 4270 509 4279 .
691 4299 692 4303 ἵ
768 4229 828 4282 lruic
844 4230 932 4286 verani
949 4227 1063 4296 prefigit
1082 4236 1137 4282 trer
1154 4239 1306 4300 sequemet,
