2700 4702
127 296 215 364 1218
323 308 433 361 norm
456 309 657 359 venronuu
683 308 722 357 ru
747 308 805 357 cn.
829 307 970 358 curuo.
994 308 1028 356 v.

128 454 201 502 clare
223 453 329 504 innuere
350 450 462 499 voluisse
482 449 661 507 Claudianum,
699 449 826 512 quomodo
853 449 921 512 apud
950 449 1073 511 Statium,
1095 448 1175 498 ruet).
1198 460 1231 500 ιῐ.Ι

129 536 159 578 ut
176 529 255 578 etiem
272 530 298 577 in
315 528 461 578 sacrarium
479 527 562 589 ipsum
575 533 604 575 et
623 541 661 574 se·
699 526 809 572 ‘Macte
821 525 908 583 animi,
919 523 1000 573 tantis
1011 523 1168 587 dignus-qui
1178 538 1232 573 cre·

128 603 300 653 cretissimum
329 603 433 652 Arcadii
462 603 602 650 thalamum
624 602 661 650 in·
699 598 767 647 deris
780 598 857 646 armis
868 597 885 646 :’
903 599 948 647 sed
967 598 1073 660 vulgata
1089 597 1175 660 proba
1185 604 1232 658 eat,

127 678 231 726 troiisse
259 677 379 726 Rufinum
406 683 530 736 ceuseat;
565 676 659 724 nullam
697 673 773 723 modo
790 673 993 735 interrogatione
1013 673 1140 735 erigatur.
1175 675 1233 722 Cre·

128 752 196 802 enim
209 753 250 801 vel
261 753 390 801 minimum
409 753 487 800 etiarn
500 752 661 801 occasionem
697 750 775 798 dimur
787 764 833 812 pro
845 749 971 799 tradimur
989 749 1074 808 dixit3
1094 748 1165 813 quod
1176 763 1232 798 rer-

128 830 253 894 gravendi
263 830 319 893 ejus
339 829 474 878 audaciam
494 829 581 878 omisit
591 830 660 891 inge·
697 824 757 873 bum
770 831 858 874 noster
869 840 900 873 eo
913 839 990 873 seusu
1000 831 1080 874 amat.
1109 825 1232 889 Sequenti

127 905 287 955 uiosissimns
299 912 381 953 rates.
399 904 489 952 Burtlr.
697 913 772 948 versu
795 913 843 961 pro
864 899 966 959 petitur,
986 900 1092 961 petimur
1111 897 1232 951 Ambros.

102 966 108 976 ’
160 984 208 1030 144
225 981 275 1028 Per
279 979 383 1042 fratris]
399 979 535 1042 Exquisita
547 978 660 1028 adulatio
696 981 811 1023 venuste.
845 975 879 1024 D.
894 974 981 1024 Heius.

126 1054 248 1116 Honori,
260 1069 337 1119 quem
355 1055 382 1103 in
401 1055 491 1103 mediis
502 1055 609 1104 Arcadii
622 1069 659 1104 re·
730 1053 777 1099 152
795 1049 922 1097 Geminum
940 1051 993 1097 coeli
1008 1050 1056 1098 1111
1071 1050 1233 1101 4111141114·

126 1131 177 1182 bus
189 1147 239 1181 non
259 1133 340 1180 solum
359 1132 406 1192 illi,
425 1132 488 1181 licet
507 1140 570 1181 natu
582 1133 661 1182 mino·
696 1125 744 1188 em]
761 1124 832 1174 Alibi
843 1133 931 1174 antem
950 1141 1002 1175 non
1019 1127 1101 1174 semel
1114 1126 1233 1176 maudr-

126 1219 192 1269 rem,
205 1206 349 1269 praeponit,
368 1205 413 1255 sed
435 1207 513 1269 plene
525 1207 609 1255 Deum
621 1205 660 1255 fu·
696 1219 744 1253 nus
758 1211 895 1267 utrumque
914 1204 973 1252 coeli
991 1216 1136 1252 convexum
1155 1204 1232 1267 impe·

128 1281 177 1330 cit.
697 1281 735 1329 rio
747 1281 868 1329 Fratrum
879 1279 998 1328 suscribit
1016 1278 1119 1328 Stilich.
1130 1291 1164 1327 11.
1178 1278 1233 1328 ‘At

144 1356 209 1405 -Per
236 1356 307 1415 suctu
332 1355 449 1418 parentis]
489 1356 533 1405 Sic
568 1355 659 1418 scripti
696 1355 805 1403 Stilicho
814 1370 864 1402 nou
877 1354 982 1402 divitias
992 1355 1101 1419 aurique
1114 1355 1232 1405 relictum

126 1443 232 1490 omues3
250 1429 372 1488 nonfotu.
407 1431 441 1477 D.
454 1430 548 1478 Heius.
697 1429 814 1485 Pondus,
825 1429 872 1478 sed
890 1428 1004 1489 geminos
1023 1429 1106 1490 exeis,
1123 1434 1232 1478 tantum-

159 1505 223 1554 Fato
242 1505 348 1568 parentis
373 1506 494 1568 AEtlrerei]
527 1504 660 1555 Intererat
698 1503 1230 1569 quereservatDepositumteneris,quau·

126 1580 195 1628 enim
210 1581 266 1643 jum
288 1581 534 1642 divisTlreodoaius‚
553 1587 582 1629 et
600 1595 660 1631 con·
697 1585 752 1628 tum
761 1578 806 1628 Sol
818 1580 907 1640 igneus
919 1579 1017 1628 ambit!
1051 1580 1142 1628 Bartlt.
1206 1623 1209 1627 .

127 1654 196 1702 acius
208 1653 320 1703 fatorum
340 1655 405 1702 coelo
426 1669 467 1702 res
485 1656 608 1703 lrurnanos
620 1667 659 1704 re·
729 1654 859 1703 Geminum
877 1654 941 1715 celi]
962 1654 1007 1704 Ita
1029 1656 1134 1719 scripti.
1167 1657 1229 1706 Vul-

126 1729 249 1792 gentium.
283 1729 372 1777 Burtlr.
697 1735 785 1793 gotum
798 1729 897 1778 Stilicho
913 1745 946 1778 ex
963 1731 1157 1791 glossanetum.
1189 1731 1230 1780 Li·

159 1808 207 1854 146
224 1804 453 1867 Eripemegludiir]
469 1804 615 1867 erasijam
627 1805 658 1854 iis
696 1804 800 1867 inersque
821 1819 881 1852 mox
904 1819 952 1867 pro
972 1803 1118 1867 Luyamqae
1145 1805 1231 1856 iidem.

125 1877 226 1945 cinctus
244 1887 309 1938 oret,
328 1885 373 1927 aut
391 1879 471 1928 caedis
489 1880 659 1929 instrumenta
696 1880 731 1928 D.
744 1878 829 1927 114111.

122 1952 518 2017 jnmeoremvidensexpedita.
534 1954 658 2018 Alioquin
729 1957 775 2002 155
802 1953 920 2016 Hisponis
941 1953 1063 2016 Gadisque
1079 1954 1162 2017 jabet]
1189 1955 1230 2006 Sic

122 2033 201 2093 gladii
212 2033 316 2081 insidias
328 2041 431 2096 notant,
441 2048 490 2097 qua
502 2032 569 2081 facie
577 2033 658 2082 etium
696 2028 773 2077 Silius
782 2028 827 2077 lib.
837 2042 887 2078 vrr.
904 2032 911 2056 ‘
924 2030 958 2077 Et
969 2029 1031 2078 belli
1043 2044 1169 2080 summam
1181 2032 1230 2094 pri·

124 2108 274 2171 hicaccipit
291 2108 409 2169 Rufinus,
429 2108 552 2157 invidiam
573 2107 657 2157 fortis·
696 2118 803 2168 masque
821 2104 934 2166 jubebat
951 2104 1084 2157 habenas!
1123 2105 1229 2172 Alioqui

125 2183 188 2233 simo
216 2185 352 2234 stilichoni
380 2183 496 2235 facturus
524 2186 656 2235 videlicet.
696 2178 764 2227 idem
782 2178 901 2227 all⁸⁰l¹¹te
920 2179 1068 2242 (1811111111,
1084 2181 1156 2243 quiid
1175 2196 1229 2245 res·

124 2257 200 2306 Idm.
694 2259 765 2315 nare,
777 2255 916 2317 imperare,
928 2268 1050 2317 praeesse,
1061 2256 1101 2303 uti
1112 2255 1162 2305 hoc
1173 2256 1227 2307 loco

158 2337 205 2383 141
223 2333 323 2382 Esiture
333 2333 426 2396 1141111]
452 2335 656 2385 Minusanens.
695 2329 839 2378 Claudiani·

125 2406 233 2468 Gyreld.
255 2408 330 2470 prim.
352 2408 438 2458 Vatic.
459 2409 556 2470 placet.
590 2409 655 2458 Mox
728 2406 784 2453 Non
805 2405 883 2454 orbito
908 2404 975 2466 solis]
1008 2407 1051 2454 De
1076 2404 1226 2457 Alexandro

123 2482 190 2542 rigat
209 2496 256 2544 pro
276 2482 337 2542 ligat
358 2481 426 2530 idem
445 2483 519 2545 prim.
536 2483 654 2533 Vatican.
693 2480 791 2541 Magno
809 2480 931 2530 Juvenal.
945 2484 999 2528 Sat.
1012 2493 1040 2529 x.
1056 2481 1063 2507 ⁴
1077 2481 1152 2531 Unus
1170 2484 1227 2532 Pel·

123 2555 158 2604 D.
172 2555 258 2606 Heius.
693 2555 741 2602 laeo
749 2554 841 2616 juveni
852 2568 904 2602 non
916 2552 1010 2603 sufficit
1018 2555 1089 2604 orbis
1100 2573 1107 2616 3
1124 2557 1226 2611 AEstust

158 2631 240 2679 Gallio
263 2630 397 2693 conjurato]
432 2631 568 2681 Universae
594 2632 656 2681 Gal·
692 2630 784 2679 infelix
812 2637 922 2692 angusto
945 2632 1027 2680 limite
1048 2635 1158 2696 mnndi,'
1177 2637 1224 2684 414.

122 2705 214 2754 liarum
226 2707 318 2769 copiae.
350 2707 440 2755 Burtli.
693 2708 760 2755 Haec
772 2712 869 2768 autern,
883 2707 978 2755 callida
989 2706 1148 2772 adulatione,
1164 2711 1225 2760 licet

156 2782 204 2828 148
215 2780 301 2842 Ligat]
314 2780 391 2830 Ultra
398 2781 499 2831 Thulen
507 2781 575 2830 enim
584 2796 654 2831 mare
693 2781 780 2831 Rufini
790 2782 872 2831 hostis
884 2782 978 2843 verbis,
991 2783 1027 2831 ita
1040 2783 1143 2846 profert
1152 2785 1225 2834 Clan-

121 2854 286 2918 impervium.
314 2859 387 2906 idern.
692 2857 794 2919 dianus,
807 2858 844 2906 uti
863 2857 936 2906 simul
956 2858 1036 2907 etium
1055 2860 1146 2908 honori
1158 2859 1226 2910 Stili-

157 2935 204 2980 149
223 2931 314 2980 Volitot
323 2947 382 2992 gens
397 2933 418 2979 11
429 2932 486 2994 quo]
514 2932 556 2981 Ad
576 2933 654 2982 vitam
692 2934 781 2982 circuis
793 2933 897 2983 cedant.
1238 2929 1242 2936 ’

121 3021 215 3069 vegam
234 3014 262 3055 et
280 3000 417 3056 erraticam
435 3023 522 3057 eurum
539 3009 653 3070 gentium
726 3009 812 3057 Orbita
835 3008 910 3071 Solis]
938 3009 1020 3060 ‘Qua
1047 3010 1119 3060 sidus
1145 3011 1224 3061 currit

121 3081 229 3144 respicit
248 3082 331 3129 minus
349 3083 477 3130 cultarum
493 3089 571 3146 atque
590 3085 654 3148 legi·
692 3086 845 3148 utrumque!
863 3086 1010 3134 Petronius.
1043 3088 1134 3136 Burtlr.

122 3155 171 3205 bus
189 3156 267 3204 certis
287 3156 443 3219 parentium,
463 3172 520 3220 quae
539 3160 654 3221 quamvis
725 3163 771 3208 158
800 3162 856 3208 Nou
879 3161 976 3208 reddere
997 3163 1076 3224 curat]
1104 3161 1224 3225 'Euporia

121 3228 653 3293 taleafortasseuonfuerint‚finxittamen
690 3251 784 3299 magna
795 3244 835 3284 eat
852 3237 878 3284 in
897 3251 961 3285 voce
978 3243 1056 3297 corut,
1074 3238 1144 3287 omni
1156 3240 1223 3288 eninr

121 3317 218 3364 rumor,
228 3311 255 3351 et
263 3303 391 3366 jactantia
402 3305 531 3356 homiuum
543 3323 652 3372 peregre
691 3327 753 3361 cure
765 3320 845 3375 atque
856 3325 907 3373 ope
918 3326 950 3361 eo
966 3313 1014 3360 niti
1031 3313 1107 3375 dicit,
1118 3327 1151 3362 ne
1163 3313 1222 3379 quid

119 3378 288 3440 venientium,
306 3379 349 3442 qui
365 3378 487 3429 inusitata
499 3389 527 3431 et
537 3383 653 3434 inaudita
690 3387 784 3437 reddet
796 3387 875 3435 semel
892 3393 1034 3449 arreptum.
1068 3389 1145 3436 Idem.

120 3460 235 3517 narrant,
247 3460 275 3503 ut
294 3470 398 3522 magnos
415 3470 442 3503 ae
460 3457 562 3507 stolidae
581 3459 652 3523 plebi
723 3467 771 3512 159
787 3463 884 3511 Scilicet
893 3463 934 3511 1114
945 3463 1051 3526 quidem]
1066 3464 1138 3512 Vere
1150 3465 1223 3528 hujus

120 3531 228 3600 faciant.
264 3533 336 3582 idem.
688 3537 1223 3604 144114114141411444411118111441114

125 3662 128 3667 ,
154 3614 201 3658 150
221 3611 291 3658 Motu
312 3610 383 3673 midi]
411 3611 443 3660 In
463 3626 547 3661 meam
568 3612 652 3676 perni·
689 3613 781 3676 quidem
791 3629 872 3662 semro
881 3629 938 3676 poce
943 3613 1054 3674 fruatur,
1069 3614 1122 3662 Nos
1129 3620 1223 3677 premat

120 3686 198 3737 ciem.
231 3689 305 3736 idem.
689 3689 799 3739 obsidio!
825 3692 891 3746 Quid
897 3695 992 3754 purtem
1003 3689 1222 3751 incudereteatoti

155 3762 238 3812 Tantis
252 3763 364 3825 cupiendi
378 3765 496 3813 credimur
507 3765 591 3828 armis]
607 3764 652 3815 Ar·
689 3765 828 3825 Quamdiu,
841 3767 887 3827 nit,
899 3782 955 3830 quse.
968 3766 1022 3828 ejus
1041 3780 1111 3814 curae
1126 3768 1224 3823 tradita

119 3839 168 3889 dns
187 3842 256 3902 digni
275 3842 392 3904 cupiendi.
421 3843 582 3904 Scriptorum
601 3859 652 3893 ma·
689 3848 730 3891 est
750 3842 890 3904 provincia,
912 3842 944 3890 ab
966 3839 1083 3888 hostibus
1112 3842 1223 3904 publicis

116 3916 161 3980 jor
177 3930 237 3978 pars
254 3917 336 3978 dignis
346 3917 463 3980 cupiendi.
496 3917 590 3967 Patav.
602 3919 652 3966 Ec·
688 3933 739 3966 non
750 3920 897 3981 incurritur,
914 3918 1033 3980 quiescat
1043 3931 1115 3980 saue,
1127 3923 1156 3966 et
1168 3916 1224 3969 foli-

119 3991 181 4040 eles.
194 3991 270 4040 catu.
286 3994 355 4054 digni
372 3994 504 4055 capiendis.-
523 3993 651 4056 quomodo
688 3994 768 4043 citate
779 3992 890 4052 fruatur,
904 4008 953 4042 nec
965 3992 1059 4041 nostris
1071 4008 1130 4042 sese
1143 3993 1224 4057 parti·

118 4066 242 4117 Barthius
251 4069 414 4132 conjiciebat.
443 4069 480 4119 Ut
490 4067 559 4119 forte
569 4069 650 4131 scrip·
688 4069 736 4119 bus
751 4071 863 4134 ingerat.
897 4072 932 4118 Et
951 4068 1013 4134 quid
1034 4069 1106 4119 aliud
1125 4076 1226 4133 qnaerat

58 4174 60 4179 ·
118 4143 192 4208 serit,
208 4143 545 4209 innumerarumque
558 4143 650 4200 amul
686 4146 736 4197 nisi
750 4152 783 4196 ut
804 4153 830 4197 te
849 4159 943 4212 meque
960 4143 1085 4211 excussis,
1099 4159 1158 4216 sepe
1172 4145 1224 4198 uui·
