2700 4702
121 292 205 360 1322
310 304 422 359 nomn
445 306 646 356 remonon
670 305 710 356 ru
734 306 956 357 cnosson.
980 307 1022 356 x.

117 449 237 517 podem
256 447 405 511 peculiaris,
422 449 472 498 soli
490 448 649 498 mollitloetl·
685 449 927 513 emolerclinqnerc
939 444 1051 511 pernix.¹
1084 446 1171 497 non
1205 475 1209 481 -

119 525 302 577 tslomnbllts
317 533 346 576 et
362 524 582 575 commendabilis.
615 524 649 574 A·
719 525 816 574 Corsico
824 523 956 586 donatus]
972 523 1016 573 Sic
1028 522 1097 573 bene
1108 534 1143 573 ex
1160 522 1212 573 Sus·

118 612 202 652 notes
219 601 287 652 enlm
309 600 400 650 molles
421 600 515 666 ubique
533 601 649 652 audiunt.
685 599 758 662 ligeri
774 601 925 664 conjecturs
940 597 1155 662 Rsphelengius:
1170 611 1213 648 nes

119 675 211 727 nml.
685 675 878 739 slilerGyreld.
887 676 1000 725 Ludens.
1012 672 1216 738 primvutalii·

150 754 183 804 lo
200 750 254 801 Hos
264 751 382 816 Nysnpiae
392 750 502 816 perient]
518 751 648 813 Populum
685 767 735 818 qne
747 753 878 803 nonnulli:
895 751 1133 816 quidunjsmtst.
1159 749 1216 799 Vol

119 824 249 888 nimirum,
275 827 330 876 sirc
353 826 466 890 plebem,
492 831 538 876 sut
558 826 649 888 vulgus
685 829 867 893 gotijsnesto.
895 826 990 890 virgil.
1005 826 1052 876 lib.
1067 825 1215 888 rmGeorp.

119 900 261 954 Amorum
291 903 341 953 hoc
364 901 494 966 Nymphis
517 902 649 964 genitrici·
684 903 810 955 ‘luteres
821 902 942 967 gregibus
956 908 1067 965 superet
1085 900 1217 951 dnmlms

119 978 332 1045 busprognslum
341 979 421 1030 trudit
431 978 649 1030 etPhilostrstus.
684 979 832 1033 luventas!
849 979 907 1029 Lib.
918 978 1029 1029 v.AEo.‘
1039 978 1062 1027 si
1073 991 1144 1028 nnnc
1153 975 1218 1031 rust

119 1054 195 1106 Idm.
685 1057 731 1106 ills
750 1055 894 1109 luventas·
911 1055 950 1104 sic
972 1061 1089 1118 utroque
1104 1053 1163 1103 loco
1176 1066 1218 1117 ops

120 1136 183 1182 vid
200 1132 248 1182 llls
271 1132 348 1196 Deos]
390 1131 488 1181 Eodem
512 1130 650 1181 Plstouics
686 1132 762 1181 timus
783 1131 933 1182 Mediceus:
957 1143 1007 1181 uec
1025 1129 1123 1181 mirum
1141 1128 1218 1192 magis

117 1209 268 1274 Motis,
289 1225 365 1275 quom
383 1210 515 1260 Venerem
537 1208 614 1258 modo
633 1223 651 1258 ι
684 1206 852 1259 Juveutstem
884 1218 932 1268 pro
965 1205 1114 1268 juventute
1152 1201 1219 1266 poni,

118 1283 254 1336 llhldimrm
266 1286 324 1335 Des
342 1286 417 1335 sllsm
436 1283 592 1334 inferentem
605 1298 649 1334 su·
686 1296 763 1348 quom
778 1283 871 1334 dorem
884 1281 1020 1345 proculo,
1039 1279 1159 1330 ΝΜ
1177 1283 1219 1344 put

118 1359 237 1411 divimus.
270 1361 424 1424 cupidinem
445 1360 534 1420 etism,
556 1359 649 1410 ducem
685 1358 837 1420 Neptunum
851 1365 897 1406 sut
914 1355 1008 1407 uuella
1019 1355 1158 1419 Tstbyurs
1175 1359 1218 1404 sst

119 1436 266 1487 omnbilinm
279 1451 425 1501 puerorum,
434 1437 536 1500 qualem
547 1435 650 1485 Clnudi·
685 1432 862 1495 Amphitriten
880 1446 929 1496 pro
946 1431 1023 1493 meri,
1038 1431 1158 1481 Mortem
1174 1442 1219 1494 pro

119 1526 183 1565 nnus
210 1513 253 1562 hic
276 1513 384 1575 indicet,
401 1513 508 1577 ingerit,
532 1526 583 1562 non
612 1512 649 1561 in·
686 1509 764 1572 bello,
779 1510 902 1560 cererem
923 1522 971 1571 pto
987 1506 1121 1572 frugibus,
1138 1509 1221 1558 Pelle·

118 1587 253 1639 honestum
272 1601 368 1638 numen
390 1585 506 1652 sliquod‚
522 1586 568 1637 sed
580 1602 649 1637 vern
684 1587 744 1636 dom
765 1600 812 1649 pro
831 1586 908 1646 olive,
928 1585 1062 1635 Bocchum
1084 1600 1134 1649 pro
1156 1586 1221 1648 vino,

118 1662 319 1729 pulchritudinis
350 1677 470 1728 verusque
492 1662 597 1713 virtutis
624 1677 650 1713 s·
684 1661 985 1713 VestsmetVulcsnum
997 1660 1219 1724 proignmveus·

64 1735 69 1744 ’
118 1754 200 1796 meus.
234 1741 309 1790 Idem
686 1751 740 1786 reru
760 1751 808 1802 pro
830 1735 920 1786 coitus
946 1735 1102 1799 similiaque.
1136 1736 1221 1787 este-

123 1856 126 1861 .
151 1819 185 1866 lo
203 1815 339 1879 resonat]
378 1814 468 1879 Regii,
493 1814 651 1878 moderetur.
686 1826 743 1863 rum
767 1813 841 1876 prim.
860 1811 949 1862 Vstic.
978 1812 1078 1876 nlilque
1104 1812 1222 1862 meliores

120 1890 197 1943 Idm.
686 1901 779 1952 magno
795 1901 902 1937 nurnero
920 1888 985 1943 Quos
1003 1887 1078 1950 inter,
1095 1900 1147 1936 uon
1163 1886 1222 1936 uu.

152 1969 185 2019 78
200 1964 321 2028 Licentia]
348 1964 445 2016 Amore
464 1965 555 2026 libero,
571 1971 600 2014 et
615 1964 651 2014 lo·
687 1965 731 2012 Dc
741 1965 871 2014 ‚iuuentute
882 1964 958 2027 plurs
966 1962 1081 2012 diximus
1096 1962 1131 2012 sd
1142 1963 1223 2014 ano·

120 2056 180 2106 gum
200 2047 372 2102 contemtore,
390 2042 498 2092 licentis
517 2041 579 2090 nihil
601 2054 651 2090 uou
688 2054 756 2090 nem.
789 2039 824 2089 D.
839 2037 927 2088 Heius.

120 2117 213 2181 spondi
229 2118 367 2181 montibus,
378 2132 410 2168 co
422 2117 541 2180 irretitis,
557 2116 651 2180 ingeri·
719 2122 752 2168 bn
770 2117 857 2167 Procul
874 2116 939 2164 ntrio
958 2111 1032 2177 dhe]
1050 2110 1223 2162 Pulcherrini

119 2184 172 2244 trit.
205 2195 280 2245 ldens.
687 2200 749 2243 suut
759 2193 784 2242 ni
794 2205 894 2253 versus,
906 2197 934 2240 et
945 2189 1035 2238 nescio
1046 2202 1082 2238 un
1098 2188 1224 2238 inventio·

151 2273 184 2319 7⁹
201 2269 279 2318 Flesti
292 2269 381 2330 faciles
399 2268 455 2331 iroe]
473 2269 537 2318 Cum
550 2268 651 2318 sintui·
688 2271 764 2321 nibus
784 2269 875 2319 tslium
897 2268 1012 2318 locorum
1031 2280 1085 2315 non
1101 2266 1223 2330 princepe

120 2345 212 2395 mirum
223 2344 327 2395 Amoris
336 2345 532 2406 redintegratio.
559 2345 635 2394 idest.
688 2350 722 2399 sit
739 2349 851 2398 omnium
861 2346 944 2397 nostri
962 2344 1100 2408 sculptoris
1115 2354 1222 2407 operum

153 2419 214 2482 Iro]
245 2421 314 2470 Nem
333 2426 363 2468 ut
379 2424 452 2469 recte
462 2420 602 2469 Terentius
613 2420 651 2468 in·
688 2425 730 2474 hic
742 2423 854 2472 libellus.
888 2422 951 2484 Ejus
962 2419 1070 2484 quidem
1088 2417 1224 2480 singularis

120 2495 179 2558 quit
187 2511 194 2545 ι
203 2496 210 2524 ‘
220 2494 370 2545 Amantium
380 2496 424 2544 irre
437 2495 530 2545 umoris
538 2495 651 2546 redinte-
689 2510 717 2550 et
728 2499 879 2550 suavissimo
886 2499 969 2547 virtus
979 2503 1021 2546 est
1030 2495 1168 2560 oeqnelitns
1174 2508 1225 2544 ser·

120 2570 206 2634 gratio
217 2570 276 2620 est!
310 2572 386 2620 Idem.
690 2576 781 2637 monis,
789 2589 866 2639 qoem
877 2575 903 2623 in
913 2579 966 2623 tsnr
976 2570 1089 2620 diversis
1099 2568 1224 2621 inventio·

153 2651 185 2696 8⁰
202 2645 330 2708 Excubioe]
347 2645 635 2696 AdforesAmsutiuur.
689 2653 765 2701 nibus
781 2657 809 2699 ct
827 2646 1044 2711 descriptionibus
1057 2660 1163 2710 semper
1173 2658 1224 2694 ser·

154 2723 248 2772 Gratus
261 2723 394 2773 Amanium
416 2723 505 2786 pullos]
536 2722 652 2771 Pallidus
690 2735 776 2778 vatam
789 2726 876 2775 mirari
889 2725 958 2773 licet.
991 2722 1083 2772 Boot.

121 2799 192 2848 color
208 2798 349 2847 ementium
362 2799 433 2846 velut
444 2799 576 2862 proprium
588 2798 652 2846 iudi·
722 2807 755 2852 eo
772 2803 914 2851 pennulam
933 2797 1026 2860 mdios]
1048 2797 1123 2846 Auro
1135 2794 1224 2845 ridell·

120 2874 199 2925 cium.
232 2873 321 2923 Burti.
690 2876 897 2928 celsebreiucts.
930 2874 1005 2924 Idem.

154 2953 184 2999 81
203 2948 317 2998 litulms
326 2947 437 3010 omacio]
452 2948 585 3009 Tremens,
595 2948 652 2997 hor·
723 2958 755 3002 88
773 2954 910 3002 Admiseem
926 2954 1003 2998 ortem
1027 2946 1120 3012 pretio]
1149 2945 1225 2997 Ovid.

120 3024 300 3087 reusincertn
323 3023 371 3083 sui,
392 3038 474 3086 prona
494 3022 653 3085 audenrli‚rt
689 3028 723 3077 de
742 3028 825 3089 Regis
845 3026 928 3074 Solis:
946 3022 1107 3073 ‘Materiam
1121 3035 1226 3085 supero·

121 3107 208 3149 temen
218 3100 359 3161 cogitando
368 3112 421 3147 rem
433 3098 540 3161 aggredi
550 3099 652 3148 timens.
690 3103 736 3152 hat
748 3101 832 3166 opus!
851 3101 941 3150 Barth.

120 3178 197 3229 luen.
722 3176 875 3239 Smorogdis]
897 3177 1009 3225 Gemma
1018 3175 1076 3223 brec
1089 3179 1180 3223 nostro
1191 3187 1225 3223 ω·

154 3251 304 3301 lla-Levibus
323 3252 430 3314 perjurio
446 3252 540 3314 pennis]
573 3252 653 3301 Velut
690 3270 722 3304 vo
745 3254 824 3317 pretii
843 3267 893 3301 uon
912 3266 971 3301 cum
991 3250 1108 3312 summis,
1127 3263 1225 3300 summo

121 3343 164 3380 res
191 3329 286 3378 nulllus
322 3329 453 3391 ponderis.
502 3328 652 3378 Amantium
690 3332 750 3380 olim
771 3329 928 3379 suctorltate
951 3325 1011 3387 fuit,
1034 3325 1102 3376 ndeo
1121 3332 1153 3376 ut
1173 3326 1226 3377 solo

122 3405 190 3456 enirn
202 3404 316 3468 perjurio
333 3405 428 3454 nullius
446 3418 503 3453 csse
520 3405 575 3455 vitii
592 3419 653 3454 ceu·
690 3421 749 3456 cnm
771 3403 918 3467 margaritis
943 3401 1027 3451 vetite
1054 3402 1092 3450 sit
1113 3401 1226 3464 privato·

120 3488 181 3534 sent
189 3480 291 3544 Politen,
300 3496 386 3546 neque
398 3495 468 3530 curae
479 3496 511 3530 en
527 3482 653 3530 arbitron·
691 3497 747 3532 rum
759 3481 884 3544 vestibus,
906 3477 1007 3542 legibus
1024 3477 1226 3541 Imperatorum.

122 3565 166 3609 tur
177 3559 287 3622 superis.
320 3559 395 3606 Idem.
689 3559 780 3608 Barth.
1179 3599 1183 3607 .
1220 3586 1223 3591 ·

170 3638 272 3687 Lembos
295 3636 401 3700 perjurio
428 3634 523 3699 pensu]
571 3636 655 3685 Ventis
726 3634 885 3697 llobibnsque
901 3629 1045 3692 nonrogdis]
1076 3629 1184 3679 Primus
1195 3643 1226 3678 ex

122 3715 209 3780 potior
234 3715 391 3776 scriptorum
415 3726 474 3776 pots
495 3726 554 3760 cum
576 3712 652 3775 prim.
691 3711 813 3760 Leidcusi
831 3710 897 3758 libro
918 3708 956 3757 sic
977 3704 1118 3768 legendum
1132 3705 1162 3753 in
1173 3704 1226 3754 Ob·

122 3790 245 3839 Vslictu.
256 3795 285 3837 ct
296 3786 405 3852 Gyrold.
417 3800 467 3836 non
479 3787 556 3848 mele,
568 3794 597 3836 ut
609 3788 653 3837 ills
690 3785 879 3837 servationibus
895 3783 995 3833 monuit
1009 3782 1160 3832 Gronovius
1170 3795 1226 3831 nos-

121 3864 284 3927 respeserlt:
301 3863 423 3926 ‘Jupiter
433 3876 466 3911 ex
475 3863 528 3911 sito
540 3863 654 3926 perjuris
691 3871 740 3925 ter,
751 3863 820 3911 inter
840 3863 930 3910 henim
946 3861 1080 3909 literarum
1093 3856 1226 3921 principes

122 3940 193 3990 ridet
200 3946 341 4001 amentum,
350 3941 385 3988 Et
388 3939 466 4002 jubel
476 3938 571 3988 AEolios
579 3939 654 3988 irritu
690 3938 845 3988 censendus.
866 3950 943 4001 quern
966 3936 1024 3997 lego
1041 3934 1185 3983 lectionem
1195 3931 1226 3982 nb

124 4015 295 4065 iemenotos!
328 4016 363 4064 D.
376 4014 464 4065 Heius.
691 4029 783 4065 noveru
804 4013 908 4076 scriptis
932 4015 1023 4074 postea
1044 4008 1225 4059 confirmatum

156 4094 188 4138 84
204 4091 373 4155 Allnceros'ce]
397 4089 538 4153 Arrogsns.
571 4089 654 4138 Horu·
688 4087 856 4152 offendimini
869 4081 1224 4150 quodinduohnssnnrsedi.

123 4165 180 4214 tius
204 4165 237 4213 dc
257 4166 371 4226 duvone,
399 4165 510 4228 primum
534 4165 654 4228 Ephehos
689 4160 990 4227 strobidtstqucssnorocds't
1005 4173 1113 4224 quoque
1129 4159 1225 4223 primus

114 4242 268 4305 egressor‘
291 4239 421 4305 Sublimis,
438 4240 607 4306 cupidusque,
626 4247 654 4291 et
691 4240 892 4293 videmusne
909 4235 1013 4288 dubites
1023 4234 1057 4284 de
1074 4235 1225 4286 sinceritsts
